
@article{aburas_improving_2017,
  title = {Improving the Capability of an Integrated {{CA}}-{{Markov}} Model to Simulate Spatio-Temporal Urban Growth Trends Using an {{Analytical Hierarchy Process}} and {{Frequency Ratio}}},
  author = {Aburas, Maher Milad and Ho, Yuek Ming and Ramli, Mohammad Firuz and Ash'aari, Zulfa Hanan},
  year = {2017},
  month = jul,
  journal = {International Journal of Applied Earth Observation and Geoinformation},
  volume = {59},
  pages = {65--78},
  issn = {03032434},
  doi = {10.1016/j.jag.2017.03.006},
  language = {en},
  file = {/Users/simon/Zotero/storage/9T2CZUQZ/Aburas et al. - 2017 - Improving the capability of an integrated CA-Marko.pdf}
}

@article{aguiar_overview_2016,
  title = {An {{Overview}} of the {{GTAP}} 9 {{Data Base}}},
  author = {Aguiar, Angel and Narayanan, Badri and McDougall, Robert},
  year = {2016},
  journal = {Journal of Global Economic Analysis},
  volume = {1},
  number = {1},
  pages = {181--208},
  doi = {10.21642/JGEA.010103AF},
  file = {/Users/simon/Zotero/storage/SGTSHL2V/Aguiar et al_2016_An Overview of the GTAP 9 Data Base.pdf}
}

@article{allred_improving_2021,
  title = {Improving {{Landsat}} Predictions of Rangeland Fractional Cover with Multitask Learning and Uncertainty},
  author = {Allred, Brady W. and Bestelmeyer, Brandon T. and Boyd, Chad S. and Brown, Christopher and Davies, Kirk W. and Duniway, Michael C. and Ellsworth, Lisa M. and Erickson, Tyler A. and Fuhlendorf, Samuel D. and Griffiths, Timothy V. and Jansen, Vincent and Jones, Matthew O. and Karl, Jason and Knight, Anna and Maestas, Jeremy D. and Maynard, Jonathan J. and McCord, Sarah E. and Naugle, David E. and Starns, Heath D. and Twidwell, Dirac and Uden, Daniel R.},
  editor = {Freckleton, Robert},
  year = {2021},
  month = may,
  journal = {Methods in Ecology and Evolution},
  volume = {12},
  number = {5},
  pages = {841--849},
  issn = {2041-210X, 2041-210X},
  doi = {10.1111/2041-210X.13564},
  language = {en},
  file = {/Users/simon/Zotero/storage/PTWTYDUZ/Allred et al. - 2021 - Improving Landsat predictions of rangeland fractio.pdf}
}

@article{araujo_how_2006,
  title = {How {{Does Climate Change Affect Biodiversity}}?},
  author = {Araujo, M. B. and Rahbek, C.},
  year = {2006},
  month = sep,
  journal = {Science},
  volume = {313},
  number = {5792},
  pages = {1396--1397},
  issn = {0036-8075, 1095-9203},
  doi = {10.1126/science.1131758},
  language = {en},
  file = {/Users/simon/Zotero/storage/BHSY9ASH/Araujo and Rahbek - 2006 - How Does Climate Change Affect Biodiversity.pdf}
}

@article{baldwin_use_2009,
  title = {Use of {{Maximum Entropy Modeling}} in {{Wildlife Research}}},
  author = {Baldwin, Roger},
  year = {2009},
  month = nov,
  journal = {Entropy},
  volume = {11},
  number = {4},
  pages = {854--866},
  issn = {1099-4300},
  doi = {10.3390/e11040854},
  language = {en},
  file = {/Users/simon/Zotero/storage/NRU7H7U8/Baldwin_2009_Use of Maximum Entropy Modeling in Wildlife Research.pdf}
}

@article{barlow_quantifying_2007,
  title = {Quantifying the Biodiversity Value of Tropical Primary, Secondary, and Plantation Forests},
  author = {Barlow, J. and Gardner, T. A. and Araujo, I. S. and {Avila-Pires}, T. C. and Bonaldo, A. B. and Costa, J. E. and Esposito, M. C. and Ferreira, L. V. and Hawes, J. and Hernandez, M. I. M. and Hoogmoed, M. S. and Leite, R. N. and {Lo-Man-Hung}, N. F. and Malcolm, J. R. and Martins, M. B. and Mestre, L. A. M. and {Miranda-Santos}, R. and {Nunes-Gutjahr}, A. L. and Overal, W. L. and Parry, L. and Peters, S. L. and {Ribeiro-Junior}, M. A. and {da Silva}, M. N. F. and {da Silva Motta}, C. and Peres, C. A.},
  year = {2007},
  month = nov,
  journal = {Proceedings of the National Academy of Sciences},
  volume = {104},
  number = {47},
  pages = {18555--18560},
  issn = {0027-8424, 1091-6490},
  doi = {10.1073/pnas.0703333104},
  language = {en},
  file = {/Users/simon/Zotero/storage/6ZQJ7AR4/Barlow et al. - 2007 - Quantifying the biodiversity value of tropical pri.pdf}
}

@article{bates_fitting_2015,
  title = {Fitting {{Linear Mixed}}-{{Effects Models Using}} Lme4},
  author = {Bates, Douglas and M{\"a}chler, Martin and Bolker, Ben and Walker, Steve},
  year = {2015},
  journal = {Journal of Statistical Software},
  volume = {67},
  number = {1},
  issn = {1548-7660},
  doi = {10.18637/jss.v067.i01},
  language = {en},
  file = {/Users/simon/Zotero/storage/WKJBBXRQ/Bates et al. - 2015 - Fitting Linear Mixed-Effects Models Using lme4.pdf}
}

@article{bellard_will_2013,
  title = {Will Climate Change Promote Future Invasions?},
  author = {Bellard, Celine and Thuiller, Wilfried and Leroy, Boris and Genovesi, Piero and Bakkenes, Michel and Courchamp, Franck},
  year = {2013},
  month = dec,
  journal = {Global Change Biology},
  volume = {19},
  number = {12},
  pages = {3740--3748},
  issn = {13541013},
  doi = {10.1111/gcb.12344},
  language = {en},
  file = {/Users/simon/Zotero/storage/X8X4PCQY/Bellard et al. - 2013 - Will climate change promote future invasions.pdf}
}

@article{bevanda_adding_2014,
  title = {Adding Structure to Land Cover \textendash{} Using Fractional Cover to Study Animal Habitat Use},
  author = {Bevanda, Mirjana and Horning, Ned and Reineking, Bjoern and Heurich, Marco and Wegmann, Martin and Mueller, Joerg},
  year = {2014},
  month = dec,
  journal = {Movement Ecology},
  volume = {2},
  number = {1},
  pages = {26},
  issn = {2051-3933},
  doi = {10.1186/s40462-014-0026-1},
  language = {en},
  file = {/Users/simon/Zotero/storage/FJS7RKI4/Bevanda et al. - 2014 - Adding structure to land cover – using fractional .pdf}
}

@misc{birdlife_international_country_2018,
  title = {Country Profile: {{Vietnam}}},
  author = {{BirdLife International}},
  year = {2018},
  keywords = {\#nosource}
}

@misc{birdlife_international_country_2018-1,
  title = {Country {{Profile}}: {{Australia}}},
  author = {{BirdLife International}},
  year = {2018},
  keywords = {\#nosource}
}

@article{bondeau_modelling_2007,
  title = {Modelling the Role of Agriculture for the 20th Century Global Terrestrial Carbon Balance},
  author = {Bondeau, Alberte and Smith, Pascalle C. and Zaehle, S{\"o}nke and Schaphoff, Sibyll and Lucht, Wolfgang and Cramer, Wolfgang and Gerten, Dieter and {Lotze-Campen}, Hermann and M{\"u}ller, Christoph and Reichstein, Markus and Smith, Benjamin},
  year = {2007},
  month = mar,
  journal = {Global Change Biology},
  volume = {13},
  number = {3},
  pages = {679--706},
  issn = {1354-1013, 1365-2486},
  doi = {10.1111/j.1365-2486.2006.01305.x},
  language = {en},
  file = {/Users/simon/Zotero/storage/VSJWYZM6/Bondeau et al. - 2007 - Modelling the role of agriculture for the 20th cen.pdf}
}

@techreport{bossard_corine_2000,
  type = {Technical Report},
  title = {{{CORINE}} Land Cover Technical Guide: {{Addendum}} 2000},
  author = {Bossard, M. and Feranec, J. and Otahel, J.},
  year = {2000},
  number = {Technical report No 40},
  institution = {{European Environment Agency}},
  file = {/Users/simon/Zotero/storage/EH2RKQBQ/corine_tech_guide_add.pdf}
}

@article{brambilla_climate_2016,
  title = {Climate Change Will Increase the Potential Conflict between Skiing and High-Elevation Bird Species in the {{Alps}}},
  author = {Brambilla, Mattia and Pedrini, Paolo and Rolando, Antonio and Chamberlain, Dan E.},
  year = {2016},
  month = nov,
  journal = {Journal of Biogeography},
  volume = {43},
  number = {11},
  pages = {2299--2309},
  issn = {03050270},
  doi = {10.1111/jbi.12796},
  language = {en},
  file = {/Users/simon/Zotero/storage/RZ34TRQT/Brambilla et al_2016_Climate change will increase the potential conflict between skiing and.pdf}
}

@article{brodie_synergistic_2016,
  title = {Synergistic Effects of Climate Change and Agricultural Land Use on Mammals},
  author = {Brodie, Jedediah F},
  year = {2016},
  month = feb,
  journal = {Frontiers in Ecology and the Environment},
  volume = {14},
  number = {1},
  pages = {20--26},
  issn = {15409295},
  doi = {10.1002/16-0110.1},
  language = {en},
  file = {/Users/simon/Zotero/storage/73V2N5II/Brodie_2016_Synergistic effects of climate change and agricultural land use on mammals.pdf}
}

@article{bryan_designer_2015,
  title = {Designer Policy for Carbon and Biodiversity Co-Benefits under Global Change},
  author = {Bryan, Brett A. and Runting, Rebecca K. and Capon, Tim and Perring, Michael P. and Cunningham, Shaun C. and Kragt, Marit E. and Nolan, Martin and Law, Elizabeth A. and Renwick, Anna R. and Eber, Sue and Christian, Rochelle and Wilson, Kerrie A.},
  year = {2015},
  journal = {Nature Climate Change},
  volume = {6},
  number = {3},
  pages = {301--305},
  doi = {10.1038/nclimate2874},
  keywords = {biodiversity,biodiversity planting,carbon planting,Carbon sequestration},
  file = {/Users/simon/Zotero/storage/IQRZEFW5/Bryan et al_2015_Designer policy for carbon and biodiversity co-benefits under global change.pdf;/Users/simon/Zotero/storage/UTDCRWII/bryan2015.pdf}
}

@article{bryan_land_2015,
  title = {Land Use Efficiency: {{Anticipating}} Future Demand for Land-Sector Greenhouse Gas Emissions Abatement and Managing Trade-Offs with Agriculture, Water, and Biodiversity},
  author = {Bryan, Brett A. and Crossman, Neville D. and Nolan, Martin and Li, Jing and Navarro, Javier and Connor, Jeffery D.},
  year = {2015},
  journal = {Global Change Biology},
  volume = {21},
  number = {11},
  pages = {4098--4114},
  issn = {13541013 (ISSN)},
  doi = {10.1111/gcb.13020},
  keywords = {Carbon sequestration,Climate change,Ecosystem services,Food security,Land use change,Scenarios,Trade-offs,Water resources},
  file = {/Users/simon/Zotero/storage/34N54CFE/Bryan et al_2015_Land use efficiency.pdf}
}

@article{bryan_land-use_2016,
  title = {Land-Use and Sustainability under Intersecting Global Change and Domestic Policy Scenarios: {{Trajectories}} for {{Australia}} to 2050},
  shorttitle = {Land-Use and Sustainability under Intersecting Global Change and Domestic Policy Scenarios},
  author = {Bryan, Brett A. and Nolan, Martin and McKellar, Lisa and Connor, Jeffery D. and Newth, David and Harwood, Tom and King, Darran and Navarro, Javier and Cai, Yiyong and Gao, Lei and Grundy, Mike and Graham, Paul and Ernst, Andreas and Dunstall, Simon and Stock, Florian and Brinsmead, Thomas and Harman, Ian and Grigg, Nicola J. and Battaglia, Michael and Keating, Brian and Wonhas, Alex and {Hatfield-Dodds}, Steve},
  year = {2016},
  month = may,
  journal = {Global Environmental Change},
  volume = {38},
  pages = {130--152},
  issn = {09593780},
  doi = {10.1016/j.gloenvcha.2016.03.002},
  language = {en},
  file = {/Users/simon/Zotero/storage/N6PLGPGS/Bryan et al. - 2016 - Land-use and sustainability under intersecting glo.pdf}
}

@article{bryan_supply_2014,
  title = {Supply of Carbon Sequestration and Biodiversity Services from {{Australia}}'s Agricultural Land under Global Change},
  author = {Bryan, B. A. and Nolan, M. and Harwood, T. D. and Connor, J. D. and {Navarro-Garcia}, J. and King, D. and Summers, D. M. and Newth, D. and Cai, Y. and Grigg, N. and Harman, I. and Crossman, N. D. and Grundy, M. J. and Finnigan, J. J. and Ferrier, S. and Williams, K. J. and Wilson, K. A. and Law, E. A. and {Hatfield-Dodds}, S.},
  year = {2014},
  journal = {Global Environmental Change},
  volume = {28},
  number = {1},
  pages = {166--181},
  issn = {0959-3780},
  doi = {10.1016/j.gloenvcha.2014.06.013},
  keywords = {Biodiversity conservation,Carbon sequestration,Climate change,Ecosystem services,Land use change,Scenarios},
  file = {/Users/simon/Zotero/storage/674MDNQP/Bryan et al_2014_Supply of carbon sequestration and biodiversity services from Australia's.pdf}
}

@article{butchart_global_2010,
  title = {Global {{Biodiversity}}: {{Indicators}} of {{Recent Declines}}},
  shorttitle = {Global {{Biodiversity}}},
  author = {Butchart, S. H. M. and Walpole, M. and Collen, B. and {van Strien}, A. and Scharlemann, J. P. W. and Almond, R. E. A. and Baillie, J. E. M. and Bomhard, B. and Brown, C. and Bruno, J. and Carpenter, K. E. and Carr, G. M. and Chanson, J. and Chenery, A. M. and Csirke, J. and Davidson, N. C. and Dentener, F. and Foster, M. and Galli, A. and Galloway, J. N. and Genovesi, P. and Gregory, R. D. and Hockings, M. and Kapos, V. and Lamarque, J.-F. and Leverington, F. and Loh, J. and McGeoch, M. A. and McRae, L. and Minasyan, A. and Morcillo, M. H. and Oldfield, T. E. E. and Pauly, D. and Quader, S. and Revenga, C. and Sauer, J. R. and Skolnik, B. and Spear, D. and {Stanwell-Smith}, D. and Stuart, S. N. and Symes, A. and Tierney, M. and Tyrrell, T. D. and Vie, J.-C. and Watson, R.},
  year = {2010},
  month = may,
  journal = {Science},
  volume = {328},
  number = {5982},
  pages = {1164--1168},
  issn = {0036-8075, 1095-9203},
  doi = {10.1126/science.1187512},
  language = {en},
  file = {/Users/simon/Zotero/storage/TYNRUMV4/Butchart et al. - 2010 - Global Biodiversity Indicators of Recent Declines.pdf}
}

@article{bytnerowicz_integrated_2007,
  title = {Integrated Effects of Air Pollution and Climate Change on Forests: {{A}} Northern Hemisphere Perspective},
  shorttitle = {Integrated Effects of Air Pollution and Climate Change on Forests},
  author = {Bytnerowicz, Andrzej and Omasa, Kenji and Paoletti, Elena},
  year = {2007},
  month = jun,
  journal = {Environmental Pollution},
  volume = {147},
  number = {3},
  pages = {438--445},
  issn = {02697491},
  doi = {10.1016/j.envpol.2006.08.028},
  language = {en},
  file = {/Users/simon/Zotero/storage/N8AGJBDH/Bytnerowicz et al. - 2007 - Integrated effects of air pollution and climate ch.pdf}
}

@article{cadenhead_climate_2016,
  title = {Climate and Fire Scenario Uncertainty Dominate the Evaluation of Options for Conserving the Great Desert Skink},
  author = {Cadenhead, Natasha CR and Kearney, Michael R and Moore, Danae and McAlpin, Steve and Wintle, Brendan A},
  year = {2016},
  journal = {Conservation Letters},
  volume = {9},
  number = {3},
  pages = {181--190},
  publisher = {{Wiley Online Library}},
  file = {/Users/simon/Zotero/storage/WNE6EBBB/Cadenhead et al_2015_Climate and Fire Scenario Uncertainty Dominate the Evaluation of Options for.pdf}
}

@article{calvin_ssp4_2017,
  title = {The {{SSP4}}: {{A}} World of Deepening Inequality},
  author = {Calvin, Katherine and {Bond-Lamberty}, Ben and Clarke, Leon and Edmonds, James and Eom, Jiyong and Hartin, Corinne and Kim, Sonny and Kyle, Page and Link, Robert and Moss, Richard and others},
  year = {2017},
  journal = {Global Environmental Change},
  volume = {42},
  pages = {284--296},
  publisher = {{Elsevier}},
  file = {/Users/simon/Zotero/storage/58MNVRJP/Calvin et al_2017_The SSP4.pdf}
}

@article{cardinale_is_2018,
  title = {Is Local Biodiversity Declining or Not? {{A}} Summary of the Debate over Analysis of Species Richness Time Trends},
  shorttitle = {Is Local Biodiversity Declining or Not?},
  author = {Cardinale, Bradley J. and Gonzalez, Andrew and Allington, Ginger R.H. and Loreau, Michel},
  year = {2018},
  month = mar,
  journal = {Biological Conservation},
  volume = {219},
  pages = {175--183},
  issn = {00063207},
  doi = {10.1016/j.biocon.2017.12.021},
  language = {en},
  file = {/Users/simon/Zotero/storage/EC5NJAQ8/Cardinale et al. - 2018 - Is local biodiversity declining or not A summary .pdf}
}

@article{carpenter_ecological_2002,
  title = {Ecological {{Futures}}: {{Building}} an {{Ecology}} of the {{Long Now}}},
  shorttitle = {Ecological {{Futures}}},
  author = {Carpenter, Stephen R.},
  year = {2002},
  month = aug,
  journal = {Ecology},
  volume = {83},
  number = {8},
  pages = {2069},
  issn = {00129658},
  doi = {10.2307/3072038},
  language = {en},
  file = {/Users/simon/Zotero/storage/9NLM4J27/Carpenter - 2002 - Ecological Futures Building an Ecology of the Lon.pdf}
}

@article{chaudhary_land_2016,
  title = {Land Use Biodiversity Impacts Embodied in International Food Trade},
  author = {Chaudhary, Abhishek and Kastner, Thomas},
  year = {2016},
  month = may,
  journal = {Global Environmental Change},
  volume = {38},
  pages = {195--204},
  issn = {09593780},
  doi = {10.1016/j.gloenvcha.2016.03.013},
  language = {en},
  file = {/Users/simon/Zotero/storage/6XTQCHZ8/Chaudhary and Kastner - 2016 - Land use biodiversity impacts embodied in internat.pdf}
}

@article{christodoulou_systematic_2019,
  title = {A Systematic Review Shows No Performance Benefit of Machine Learning over Logistic Regression for Clinical Prediction Models},
  author = {Christodoulou, Evangelia and Ma, Jie and Collins, Gary S. and Steyerberg, Ewout W. and Verbakel, Jan Y. and Van Calster, Ben},
  year = {2019},
  month = jun,
  journal = {Journal of Clinical Epidemiology},
  volume = {110},
  pages = {12--22},
  issn = {08954356},
  doi = {10.1016/j.jclinepi.2019.02.004},
  language = {en},
  file = {/Users/simon/Zotero/storage/YNYW6KRF/Christodoulou et al. - 2019 - A systematic review shows no performance benefit o.pdf}
}

@misc{ciesn_global_2011,
  title = {Center for {{International Earth Science Information Network}} - {{CIESIN}} - {{Columbia University}}, {{International Food Policy Research Institute}} - {{IFPRI}}, {{The World Bank}}, {{Centro Internacional}} de {{Agricultura Tropical}} - {{CIAT}}, {{Global Rural}}-{{Urban Mapping Project}}, {{Version}} 1 ({{GRUMPv1}}): {{Population Density Grid}}},
  author = {{CIESN}},
  year = {2011},
  publisher = {{NASA Socioeconomic Data and Applications Center (SEDAC)}},
  address = {{Palisades, NY}}
}

@misc{ciesn_global_2013,
  title = {Center for {{International Earth Science Information Network}} - {{CIESIN}} - {{Columbia University}}, {{Information Technology Outreach Services}} - {{ITOS}} - {{University}} of {{Georgia}}, {{Global Roads Open Access Data Set}}, {{Version}} 1 ({{gROADSv1}})},
  author = {{CIESN}},
  year = {2013},
  publisher = {{NASA Socioeconomic Data and Applications Center (SEDAC)}},
  address = {{Palisades, NY}}
}

@article{connor_modelling_2015,
  title = {Modelling {{Australian}} Land Use Competition and Ecosystem Services with Food Price Feedbacks at High Spatial Resolution},
  author = {Connor, Jeffery D. and Bryan, Brett A. and Nolan, Martin and Stock, Florian and Gao, Lei and Dunstall, Simon and Graham, Paul and Ernst, Andreas and Newth, David and Grundy, Mike and {Hatfield-Dodds}, Steve},
  year = {2015},
  journal = {Environmental Modelling and Software},
  volume = {69},
  pages = {141--154},
  issn = {1364-8152},
  doi = {10.1016/j.envsoft.2015.03.015},
  keywords = {Australia,Economics,Ecosystem services,Land use change,Model,Partial equilibrium,Scenarios},
  file = {/Users/simon/Zotero/storage/ZKXVLKP5/Connor et al_2015_Modelling Australian land use competition and ecosystem services with food.pdf}
}

@article{corlett_anthropocene_2015,
  title = {The {{Anthropocene}} Concept in Ecology and Conservation},
  author = {Corlett, Richard T.},
  year = {2015},
  month = jan,
  journal = {Trends in Ecology \& Evolution},
  volume = {30},
  number = {1},
  pages = {36--41},
  issn = {01695347},
  doi = {10.1016/j.tree.2014.10.007},
  language = {en},
  file = {/Users/simon/Zotero/storage/RAVJQXJU/Corlett - 2015 - The Anthropocene concept in ecology and conservati.pdf}
}

@article{cornell_unified_2019,
  title = {A Unified Framework for Analysis of Individual-Based Models in Ecology and Beyond},
  author = {Cornell, Stephen J. and Suprunenko, Yevhen F. and Finkelshtein, Dmitri and Somervuo, Panu and Ovaskainen, Otso},
  year = {2019},
  month = dec,
  journal = {Nature Communications},
  volume = {10},
  number = {1},
  pages = {4716},
  issn = {2041-1723},
  doi = {10.1038/s41467-019-12172-y},
  language = {en},
  file = {/Users/simon/Zotero/storage/KMPZUZ6N/Cornell et al. - 2019 - A unified framework for analysis of individual-bas.pdf}
}

@article{cowled_feral_2008,
  title = {Feral Pig Population Structuring in the Rangelands of Eastern {{Australia}}: Applications for Designing Adaptive Management Units},
  shorttitle = {Feral Pig Population Structuring in the Rangelands of Eastern {{Australia}}},
  author = {Cowled, Brendan D. and Aldenhoven, Jaclyn and Odeh, Inakwu O. A. and Garrett, Tom and Moran, Chris and Lapidge, Steven J.},
  year = {2008},
  month = feb,
  journal = {Conservation Genetics},
  volume = {9},
  number = {1},
  pages = {211--224},
  issn = {1566-0621, 1572-9737},
  doi = {10.1007/s10592-007-9331-1},
  language = {en},
  file = {/Users/simon/Zotero/storage/9E6AJIXA/Cowled et al. - 2008 - Feral pig population structuring in the rangelands.pdf}
}

@article{coxen_species_2017,
  title = {Species Distribution Models for a Migratory Bird Based on Citizen Science and Satellite Tracking Data},
  author = {Coxen, Christopher L. and Frey, Jennifer K. and Carleton, Scott A. and Collins, Daniel P.},
  year = {2017},
  journal = {Global Ecology and Conservation},
  volume = {11},
  pages = {298--311},
  doi = {10.1016/j.gecco.2017.08.001},
  keywords = {Citizen science,Maxent,New Mexico,Patagioenas fasciata,Satellite tracking data},
  file = {/Users/simon/Zotero/storage/4ME7DJFY/Coxen et al_2017_Species distribution models for a migratory bird based on citizen science and.pdf}
}

@article{da_silva_fate_2005,
  title = {The {{Fate}} of the {{Amazonian Areas}} of {{Endemism}}},
  author = {Da Silva, Jose Maria Cardoso and Rylands, Anthony B. and {da Fonseca}, Gustavo A. B.},
  year = {2005},
  month = jun,
  journal = {Conservation Biology},
  volume = {19},
  number = {3},
  pages = {689--694},
  issn = {0888-8892, 1523-1739},
  doi = {10.1111/j.1523-1739.2005.00705.x},
  language = {en},
  file = {/Users/simon/Zotero/storage/KNS2FP4R/Da Silva et al. - 2005 - The Fate of the Amazonian Areas of Endemism.pdf}
}

@article{de_chazal_land-use_2009,
  title = {Land-Use and Climate Change within Assessments of Biodiversity Change: {{A}} Review},
  shorttitle = {Land-Use and Climate Change within Assessments of Biodiversity Change},
  author = {{de Chazal}, Jacqueline and Rounsevell, Mark D.A.},
  year = {2009},
  month = may,
  journal = {Global Environmental Change},
  volume = {19},
  number = {2},
  pages = {306--315},
  issn = {09593780},
  doi = {10.1016/j.gloenvcha.2008.09.007},
  language = {en},
  file = {/Users/simon/Zotero/storage/Z2GAKGVR/de Chazal and Rounsevell - 2009 - Land-use and climate change within assessments of .pdf}
}

@misc{de_palma_calculating_2019,
  title = {Calculating the Biodiversity Intactness Index: The {{PREDICTS}} Implementation},
  author = {De Palma, Adriana and {Sanchez-Ortiz}, Katia and Purvis, Andy},
  year = {2019},
  doi = {10.5281/zenodo.3518067},
  howpublished = {https://doi.org/10.5281/zenodo.3518067}
}

@article{deangelis_individual-based_2014,
  title = {Individual-Based Models in Ecology after Four Decades},
  author = {DeAngelis, Donald L. and Grimm, Volker},
  year = {2014},
  month = jun,
  journal = {F1000Prime Reports},
  volume = {6},
  issn = {20517599},
  doi = {10.12703/P6-39},
  language = {en},
  file = {/Users/simon/Zotero/storage/FHJ3J4HY/DeAngelis and Grimm - 2014 - Individual-based models in ecology after four deca.pdf}
}

@article{dendoncker_spatial_2007,
  title = {Spatial Analysis and Modelling of Land Use Distributions in {{Belgium}}},
  author = {Dendoncker, Nicolas and Rounsevell, Mark and Bogaert, Patrick},
  year = {2007},
  month = mar,
  journal = {Computers, Environment and Urban Systems},
  volume = {31},
  number = {2},
  pages = {188--205},
  issn = {01989715},
  doi = {10.1016/j.compenvurbsys.2006.06.004},
  language = {en},
  file = {/Users/simon/Zotero/storage/VI3TQWG9/Dendoncker et al. - 2007 - Spatial analysis and modelling of land use distrib.pdf}
}

@article{dendoncker_statistical_2006,
  title = {A Statistical Method to Downscale Aggregated Land Use Data and Scenarios},
  author = {Dendoncker, N. and Bogaert, P. and Rounsevell, M.},
  year = {2006},
  month = dec,
  journal = {Journal of Land Use Science},
  volume = {1},
  number = {2-4},
  pages = {63--82},
  issn = {1747-423X, 1747-4248},
  doi = {10.1080/17474230601058302},
  language = {en},
  file = {/Users/simon/Zotero/storage/9HA2YZHP/Dendoncker et al. - 2006 - A statistical method to downscale aggregated land .pdf}
}

@article{dietrich_magpie_2019,
  title = {{{MAgPIE}} 4 \textendash{} a Modular Open-Source Framework for Modeling Global Land Systems},
  author = {Dietrich, Jan Philipp and Bodirsky, Benjamin Leon and Humpen{\"o}der, Florian and Weindl, Isabelle and Stevanovi{\'c}, Miodrag and Karstens, Kristine and Kreidenweis, Ulrich and Wang, Xiaoxi and Mishra, Abhijeet and Klein, David and Ambr{\'o}sio, Geanderson and Araujo, Ewerton and Yalew, Amsalu Woldie and Baumstark, Lavinia and Wirth, Stephen and Giannousakis, Anastasis and Beier, Felicitas and Chen, David Meng-Chuen and {Lotze-Campen}, Hermann and Popp, Alexander},
  year = {2019},
  month = apr,
  journal = {Geoscientific Model Development},
  volume = {12},
  number = {4},
  pages = {1299--1317},
  issn = {1991-9603},
  doi = {10.5194/gmd-12-1299-2019},
  language = {en},
  file = {/Users/simon/Zotero/storage/VCTH44FP/Dietrich et al_2019_MAgPIE 4 – a modular open-source framework for modeling global land systems.pdf}
}

@article{dietzel_toward_2007,
  title = {Toward {{Optimal Calibration}} of the {{SLEUTH Land Use Change Model}}},
  author = {Dietzel, Charles and Clarke, Keith C},
  year = {2007},
  journal = {Transactions in GIS},
  volume = {11},
  number = {1},
  pages = {29--45},
  issn = {1365-8816},
  file = {/Users/simon/Zotero/storage/FN27A2TK/Dietzel_Clarke_2007_Toward Optimal Calibration of the SLEUTH Land Use Change Model.pdf}
}

@article{donald_biodiversity_2004,
  title = {Biodiversity {{Impacts}} of {{Some Agricultural Commodity Production Systems}}},
  author = {Donald, Paul F.},
  year = {2004},
  month = feb,
  journal = {Conservation Biology},
  volume = {18},
  number = {1},
  pages = {17--38},
  issn = {08888892, 15231739},
  doi = {10.1111/j.1523-1739.2004.01803.x},
  language = {en},
  file = {/Users/simon/Zotero/storage/S63ZPWCP/Donald - 2004 - Biodiversity Impacts of Some Agricultural Commodit.pdf}
}

@article{downing_matching_2019,
  title = {Matching Scope, Purpose and Uses of Planetary Boundaries Science},
  author = {Downing, Andrea S and Bhowmik, Avit and Collste, David and Cornell, Sarah E and Donges, Jonathan and Fetzer, Ingo and H{\"a}yh{\"a}, Tiina and Hinton, Jennifer and Lade, Steven and Mooij, Wolf M},
  year = {2019},
  month = jul,
  journal = {Environmental Research Letters},
  volume = {14},
  number = {7},
  pages = {073005},
  issn = {1748-9326},
  doi = {10.1088/1748-9326/ab22c9},
  language = {en},
  file = {/Users/simon/Zotero/storage/6G7SP8NC/Downing et al. - 2019 - Matching scope, purpose and uses of planetary boun.pdf}
}

@article{drechsler_model-based_2020,
  title = {Model-Based Integration of Ecology and Socio-Economics for the Management of Biodiversity and Ecosystem Services: {{State}} of the Art, Diversity and Current Trends},
  shorttitle = {Model-Based Integration of Ecology and Socio-Economics for the Management of Biodiversity and Ecosystem Services},
  author = {Drechsler, Martin},
  year = {2020},
  month = dec,
  journal = {Environmental Modelling \& Software},
  volume = {134},
  pages = {104892},
  issn = {13648152},
  doi = {10.1016/j.envsoft.2020.104892},
  language = {en},
  file = {/Users/simon/Zotero/storage/V5I7GQLU/Drechsler - 2020 - Model-based integration of ecology and socio-econo.pdf}
}

@article{dreiseitl_logistic_2002,
  title = {Logistic Regression and Artificial Neural Network Classification Models: A Methodology Review},
  shorttitle = {Logistic Regression and Artificial Neural Network Classification Models},
  author = {Dreiseitl, Stephan and {Ohno-Machado}, Lucila},
  year = {2002},
  month = oct,
  journal = {Journal of Biomedical Informatics},
  volume = {35},
  number = {5-6},
  pages = {352--359},
  issn = {15320464},
  doi = {10.1016/S1532-0464(03)00034-0},
  language = {en},
  file = {/Users/simon/Zotero/storage/KUIA7DXC/Dreiseitl and Ohno-Machado - 2002 - Logistic regression and artificial neural network .pdf}
}

@incollection{eastman_short_2018,
  title = {A Short Presentation of the {{Land Change Modeler}} ({{LCM}})},
  booktitle = {Geomatic Approaches for Modeling Land Change Scenarios},
  author = {Eastman, J. R. and Toledano, J.},
  year = {2018},
  pages = {499--505},
  publisher = {{Springer}},
  address = {{Cham}}
}

@article{erb_unexpectedly_2018,
  title = {Unexpectedly Large Impact of Forest Management and Grazing on Global Vegetation Biomass},
  author = {Erb, Karl-Heinz and Kastner, Thomas and Plutzar, Christoph and Bais, Anna Liza S. and Carvalhais, Nuno and Fetzel, Tamara and Gingrich, Simone and Haberl, Helmut and Lauk, Christian and Niedertscheider, Maria and Pongratz, Julia and Thurner, Martin and Luyssaert, Sebastiaan},
  year = {2018},
  month = jan,
  journal = {Nature},
  volume = {553},
  number = {7686},
  pages = {73--76},
  issn = {0028-0836, 1476-4687},
  doi = {10.1038/nature25138},
  language = {en},
  file = {/Users/simon/Zotero/storage/JZR7RV9U/Erb et al. - 2018 - Unexpectedly large impact of forest management and.pdf}
}

@misc{esa_land_2019,
  title = {Land {{Cover CCI Version}} 2.0 and {{Version}} 2.1.1. {{https://www.esa-landcover-cci.org/?q=node/164}}},
  author = {{European Space Agency}},
  year = {2019},
  file = {/Users/simon/Zotero/storage/CBRRZGNF/ESACCI-LC-Ph2-PUGv2_2.0-3.pdf}
}

@misc{european_union_copernicus_2019,
  title = {Copernicus {{Land Monitoring Service}}. {{European Enviornment Agency}} ({{EEA}}). {{https://land.copernicus.eu.}}},
  author = {{European Union}},
  year = {2019},
  file = {/Users/simon/Zotero/storage/Z77D9JKH/European Union_2019_Copernicus Land Monitoring Service.pdf}
}

@article{fang_impact_2005,
  title = {The Impact of Interactions in Spatial Simulation of the Dynamics of Urban Sprawl},
  author = {Fang, Shoufan and Gertner, George Z. and Sun, Zhanli and Anderson, Alan A.},
  year = {2005},
  month = dec,
  journal = {Landscape and Urban Planning},
  volume = {73},
  number = {4},
  pages = {294--306},
  issn = {01692046},
  doi = {10.1016/j.landurbplan.2004.08.006},
  language = {en},
  file = {/Users/simon/Zotero/storage/HTGZFPJW/Fang et al. - 2005 - The impact of interactions in spatial simulation o.pdf}
}

@misc{fao_aquastat_2015,
  title = {{{AQUASTAT Transboundary River Basin Overview}} \textendash{} {{Amazon}}. {{Food}} and {{Agriculture Organization}} of the {{United Nations}} ({{FAO}})},
  author = {{FAO}},
  year = {2015},
  publisher = {{Food and Agriculture Organization of the United Nations (FAO)}},
  file = {/Users/simon/Zotero/storage/A3HQYHED/ca2140en.pdf}
}

@misc{fao_built-up_1997,
  title = {Built-up {{Areas}} of the {{World}} ({{Vmap0}}). {{Food}} and {{Agriculture Organization}} of the {{United Nations}} ({{FAO}})},
  author = {{FAO}},
  year = {1997},
  keywords = {\#nosource}
}

@misc{fao_faostat_2017,
  title = {{{FAOSTAT Statistics Database}}. {{Food}} and {{Agriculture Organization}} of the {{United Nations}} ({{FAO}})},
  author = {{FAO}},
  year = {2017},
  publisher = {{Food and Agriculture Organization of the United Nations (FAO)}},
  keywords = {\#nosource}
}

@article{fernandez-juricic_why_2021,
  title = {Why Sharing Data and Code during Peer Review Can Enhance Behavioral Ecology Research},
  author = {{Fern{\'a}ndez-Juricic}, Esteban},
  year = {2021},
  journal = {Behavioral Ecology and Sociobiology},
  volume = {75},
  number = {7},
  pages = {1--5},
  issn = {0340-5443, 1432-0762},
  doi = {10.1007/s00265-021-03036-x},
  language = {en},
  file = {/Users/simon/Zotero/storage/G5FCZSID/Fernández-Juricic - 2021 - Why sharing data and code during peer review can e.pdf}
}

@article{ferrier_using_2007,
  title = {Using Generalized Dissimilarity Modelling to Analyse and Predict Patterns of Beta Diversity in Regional Biodiversity Assessment},
  author = {Ferrier, Simon and Manion, Glenn and Elith, Jane and Richardson, Karen},
  year = {2007},
  journal = {Diversity and Distributions},
  volume = {13},
  number = {3},
  pages = {252--264},
  issn = {1366-9516},
  doi = {10.1111/j.1472-4642.2007.00341.x},
  keywords = {Beta diversity,Biodiversity,Compositional turnover,Conservation assessment,Generalized dissimilarity modelling},
  file = {/Users/simon/Zotero/storage/SQPANQ8L/Ferrier et al_2007_Using generalized dissimilarity modelling to analyse and predict patterns of.pdf}
}

@article{fick_worldclim_2017,
  title = {{{WorldClim}} 2: New 1-km Spatial Resolution Climate Surfaces for Global Land Areas},
  author = {Fick, S.E. and Hijmans, R.J.},
  year = {2017},
  journal = {International Journal of Climatology},
  volume = {37},
  number = {12},
  pages = {4302--4315},
  file = {/Users/simon/Zotero/storage/XXU7Q8AI/FickandHijmans-2017-WorldClim2new1-kmspatialresolutionclimates.pdf}
}

@article{fidler_metaresearch_2017,
  title = {Metaresearch for Evaluating Reproducibility in Ecology and Evolution},
  author = {Fidler, Fiona and Chee, Yung En and Wintle, Bonnie C and Burgman, Mark A and McCarthy, Michael A and Gordon, Ascelin},
  year = {2017},
  journal = {BioScience},
  volume = {67},
  number = {3},
  pages = {282--289},
  publisher = {{Oxford University Press}}
}

@article{fithian_bias_2015,
  title = {Bias Correction in Species Distribution Models: {{Pooling}} Survey and Collection Data for Multiple Species},
  author = {Fithian, William and Elith, Jane and Hastie, Trevor and Keith, David A.},
  year = {2015},
  journal = {Methods in Ecology and Evolution},
  volume = {6},
  number = {4},
  pages = {424--438},
  issn = {2041-210X},
  doi = {10.1111/2041-210X.12242},
  keywords = {Presence-absence,Presence-only,Sampling bias,Spatial point processes,Species distribution models},
  file = {/Users/simon/Zotero/storage/3NCV9YSV/Fithian et al_2015_Bias correction in species distribution models.pdf}
}

@article{foley_global_2005,
  title = {Global {{Consequences}} of {{Land Use}}},
  author = {Foley, J. A.},
  year = {2005},
  journal = {Science},
  volume = {309},
  number = {5734},
  pages = {570--574},
  issn = {1095-9203 (Electronic)\textbackslash r0036-8075 (Linking)},
  doi = {10.1126/science.1111772},
  keywords = {*Conservation of Natural Resources,*Ecosystem,*Environment,Agriculture,Air Pollution,Animals,Animals; Wild,Climate,Communicable Diseases/epidemiology/transmission,Fresh Water,Human Activities,Humans,Policy Making,Trees,Wild},
  file = {/Users/simon/Zotero/storage/RP328M4D/Foley_2005_Global Consequences of Land Use.pdf}
}

@article{fricko_marker_2017,
  title = {The Marker Quantification of the {{Shared Socioeconomic Pathway}} 2: {{A}} Middle-of-the-Road Scenario for the 21st Century},
  shorttitle = {The Marker Quantification of the {{Shared Socioeconomic Pathway}} 2},
  author = {Fricko, Oliver and Havlik, Petr and Rogelj, Joeri and Klimont, Zbigniew and Gusti, Mykola and Johnson, Nils and Kolp, Peter and Strubegger, Manfred and Valin, Hugo and Amann, Markus and Ermolieva, Tatiana and Forsell, Nicklas and Herrero, Mario and Heyes, Chris and Kindermann, Georg and Krey, Volker and McCollum, David L. and Obersteiner, Michael and Pachauri, Shonali and Rao, Shilpa and Schmid, Erwin and Schoepp, Wolfgang and Riahi, Keywan},
  year = {2017},
  month = jan,
  journal = {Global Environmental Change},
  volume = {42},
  pages = {251--267},
  issn = {09593780},
  doi = {10.1016/j.gloenvcha.2016.06.004},
  language = {en},
  file = {/Users/simon/Zotero/storage/WLGA2PX8/Fricko et al. - 2017 - The marker quantification of the Shared Socioecono.pdf}
}

@article{friedman_regularization_2010,
  title = {Regularization {{Paths}} for {{Generalized Linear Models}} via {{Coordinate Descent}}},
  author = {Friedman, Jerome and Hastie, Trevor and Tibshirani, Robert},
  year = {2010},
  journal = {Journal of Statistical Software},
  volume = {33},
  number = {1},
  issn = {1548-7660},
  doi = {10.18637/jss.v033.i01},
  language = {en},
  file = {/Users/simon/Zotero/storage/QF7CDUTV/Friedman et al_2010_Regularization Paths for Generalized Linear Models via Coordinate Descent.pdf}
}

@article{fuchs_high-resolution_2013,
  title = {A High-Resolution and Harmonized Model Approach for Reconstructing and Analysing Historic Land Changes in {{Europe}}},
  author = {Fuchs, R. and Herold, M. and Verburg, P. H. and Clevers, J. G.P.W.},
  year = {2013},
  journal = {Biogeosciences},
  volume = {10},
  number = {3},
  pages = {1543--1559},
  issn = {1726-4170},
  doi = {10.5194/bg-10-1543-2013},
  file = {/Users/simon/Zotero/storage/B482LVZY/Fuchs et al_2013_A high-resolution and harmonized model approach for reconstructing and.pdf}
}

@article{fujimori_ssp3_2017,
  title = {{{SSP3}}: {{AIM}} Implementation of {{Shared Socioeconomic Pathways}}},
  shorttitle = {{{SSP3}}},
  author = {Fujimori, Shinichiro and Hasegawa, Tomoko and Masui, Toshihiko and Takahashi, Kiyoshi and Herran, Diego Silva and Dai, Hancheng and Hijioka, Yasuaki and Kainuma, Mikiko},
  year = {2017},
  month = jan,
  journal = {Global Environmental Change},
  volume = {42},
  pages = {268--283},
  issn = {09593780},
  doi = {10.1016/j.gloenvcha.2016.06.009},
  language = {en},
  file = {/Users/simon/Zotero/storage/LLYCR7ZC/Fujimori et al. - 2017 - SSP3 AIM implementation of Shared Socioeconomic P.pdf}
}

@misc{gao_global_2020,
  title = {Global 1-Km {{Downscaled Population Base Year}} and {{Projection Grids Based}} on the {{Shared Socioeconomic Pathways}}, {{Revision}} 01. {{Socioeconomic Data}} and {{Applications Center}} ({{SEDAC}}). {{https://doi.org/10.7927/q7z9-9r69.}}},
  author = {Gao, J.},
  year = {2020},
  publisher = {{Socioeconomic Data and Applications Center (SEDAC)}}
}

@misc{gbif_gbif_2016,
  title = {{{GBIF Data Portal}}},
  author = {{GBIF.org}},
  year = {2016},
  keywords = {\#nosource}
}

@misc{gbiforg_gbif_2021,
  title = {{{GBIF Home Page}}. {{https://www.gbif.org}}},
  author = {{GBIF.org}},
  year = {2021}
}

@article{gharaibeh_improving_2020,
  title = {Improving Land-Use Change Modeling by Integrating {{ANN}} with {{Cellular Automata}}-{{Markov Chain}} Model},
  author = {Gharaibeh, Anne and Shaamala, Abdulrazzaq and Obeidat, Rasha and {Al-Kofahi}, Salman},
  year = {2020},
  month = sep,
  journal = {Heliyon},
  volume = {6},
  number = {9},
  pages = {e05092},
  issn = {24058440},
  doi = {10.1016/j.heliyon.2020.e05092},
  language = {en},
  file = {/Users/simon/Zotero/storage/E6HZGKTL/Gharaibeh et al. - 2020 - Improving land-use change modeling by integrating .pdf}
}

@article{gillings_directionality_2015,
  title = {Directionality of Recent Bird Distribution Shifts and Climate Change in {{Great Britain}}},
  author = {Gillings, Simon and Balmer, Dawn E. and Fuller, Robert J.},
  year = {2015},
  month = jun,
  journal = {Global Change Biology},
  volume = {21},
  number = {6},
  pages = {2155--2168},
  issn = {13541013},
  doi = {10.1111/gcb.12823},
  language = {en},
  file = {/Users/simon/Zotero/storage/KYDQK8FX/Gillings et al_2015_Directionality of recent bird distribution shifts and climate change in Great.pdf}
}

@article{global_soil_data_task_group_global_2000,
  title = {Global Gridded Surfaces of Selected Soil Characteristics ({{IGBP}}-{{DIS}}). {{https://doi.org/10.3334/ornldaac/569}}},
  author = {{Global Soil Data Task Group}},
  year = {2000},
  doi = {10.3334/ornldaac/569},
  language = {eng},
  keywords = {\#nosource}
}

@article{goetz_relative_2014,
  title = {The Relative Importance of Climate and Vegetation Properties on Patterns of {{North American}} Breeding Bird Species Richness},
  author = {Goetz, Scott J and Sun, Mindy and Zolkos, Scott and Hansen, Andy and Dubayah, Ralph},
  year = {2014},
  journal = {Environmental Research Letters},
  volume = {9},
  number = {3},
  pages = {034013--034013},
  issn = {1748-9326},
  doi = {10.1088/1748-9326/9/3/034013},
  file = {/Users/simon/Zotero/storage/XQ8V862D/Goetz et al_2014_The relative importance of climate and vegetation properties on patterns of.pdf}
}

@article{gordon_use_2012,
  title = {The Use of Dynamic Landscape Metapopulation Models for Forest Management: A Case Study of the Red-Backed Salamander},
  author = {Gordon, Ascelin and Wintle, Brendan A. and Bekessy, Sarah A. and Pearce, Jennie L. and Venier, Lisa A. and Wilson, Joab N.},
  year = {2012},
  journal = {Canadian Journal of Forest Research},
  volume = {42},
  number = {6},
  pages = {1091--1106},
  issn = {0045-5067},
  doi = {10.1139/x2012-068},
  file = {/Users/simon/Zotero/storage/86Y9T89Q/Gordon et al_2012_The use of dynamic landscape metapopulation models for forest management.pdf}
}

@article{harfoot_emergent_2014,
  title = {Emergent {{Global Patterns}} of {{Ecosystem Structure}} and {{Function}} from a {{Mechanistic General Ecosystem Model}}},
  author = {Harfoot, Michael B. J. and Newbold, Tim and Tittensor, Derek P. and Emmott, Stephen and Hutton, Jon and Lyutsarev, Vassily and Smith, Matthew J. and Scharlemann, J{\"o}rn P. W. and Purves, Drew W.},
  editor = {Loreau, Michel},
  year = {2014},
  month = apr,
  journal = {PLoS Biology},
  volume = {12},
  number = {4},
  pages = {e1001841},
  issn = {1545-7885},
  doi = {10.1371/journal.pbio.1001841},
  language = {en},
  file = {/Users/simon/Zotero/storage/D3EC2HL7/Harfoot et al_2014_Emergent Global Patterns of Ecosystem Structure and Function from a Mechanistic.PDF}
}

@article{harfoot_integrated_2014,
  title = {Integrated Assessment Models for Ecologists: The Present and the Future: {{Integrated}} Assessment Models for Ecologists},
  shorttitle = {Integrated Assessment Models for Ecologists},
  author = {Harfoot, Michael and Tittensor, Derek P. and Newbold, Tim and McInerny, Greg and Smith, Matthew J. and Scharlemann, J{\"o}rn P. W.},
  year = {2014},
  month = feb,
  journal = {Global Ecology and Biogeography},
  volume = {23},
  number = {2},
  pages = {124--143},
  issn = {1466822X},
  doi = {10.1111/geb.12100},
  language = {en},
  file = {/Users/simon/Zotero/storage/M9NXAX92/Harfoot et al. - 2014 - Integrated assessment models for ecologists the p.pdf}
}

@misc{harris_spatial_2019,
  title = {Spatial {{Database}} of {{Planted Trees}} ({{SDPT}}) {{Version}} 1.0.},
  author = {Harris, Nancy and Goldman, Elizabeth Dow and Gibbes, Samantha},
  year = {2019},
  howpublished = {www.globalforestwatch.org},
  language = {en},
  file = {/Users/simon/Zotero/storage/PYQ6BSNZ/Harris et al. - SPATIAL DATABASE OF PLANTED TREES (SDPT VERSION 1..pdf}
}

@article{harrison_combining_2013,
  title = {Combining Qualitative and Quantitative Understanding for Exploring Cross-Sectoral Climate Change Impacts, Adaptation and Vulnerability in {{Europe}}},
  author = {Harrison, Paula A. and Holman, Ian P. and Cojocaru, George and Kok, Kasper and Kontogianni, Areti and Metzger, Marc J. and Gramberger, Marc},
  year = {2013},
  month = aug,
  journal = {Regional Environmental Change},
  volume = {13},
  number = {4},
  pages = {761--780},
  issn = {1436-3798, 1436-378X},
  doi = {10.1007/s10113-012-0361-y},
  language = {en},
  file = {/Users/simon/Zotero/storage/ZFQVM8KT/Harrison et al. - 2013 - Combining qualitative and quantitative understandi.pdf}
}

@article{hasegawa_global_2017,
  title = {Global Land-Use Allocation Model Linked to an Integrated Assessment Model},
  author = {Hasegawa, Tomoko and Fujimori, Shinichiro and Ito, Akihiko and Takahashi, Kiyoshi and Masui, Toshihiko},
  year = {2017},
  month = feb,
  journal = {Science of The Total Environment},
  volume = {580},
  pages = {787--796},
  issn = {00489697},
  doi = {10.1016/j.scitotenv.2016.12.025},
  language = {en},
  file = {/Users/simon/Zotero/storage/PVFMFZ6N/Hasegawa et al. - 2017 - Global land-use allocation model linked to an inte.pdf}
}

@article{hauck_reviewing_2015,
  title = {Reviewing Drivers of Ecosystem Change as Input for Environmental and Ecosystem Services Modelling},
  author = {Hauck, Jennifer and Winkler, Klara J. and Priess, Joerg A.},
  year = {2015},
  month = mar,
  journal = {Sustainability of Water Quality and Ecology},
  volume = {5},
  pages = {9--30},
  issn = {22126139},
  doi = {10.1016/j.swaqe.2015.01.003},
  language = {en},
  file = {/Users/simon/Zotero/storage/SKWN3LDL/Hauck et al. - 2015 - Reviewing drivers of ecosystem change as input for.pdf}
}

@article{hernandez_effect_2006,
  title = {The Effect of Sample Size and Species Characteristics on Performance of Different Species Distribution Modeling Methods},
  author = {Hernandez, Pilar A and Graham, Catherine and Master, Lawrence L and Albert, Deborah L},
  year = {2006},
  journal = {Ecography},
  volume = {29},
  number = {5},
  pages = {773--785},
  issn = {1600-0587},
  doi = {10.1111/j.0906-7590.2006.04700.x},
  file = {/Users/simon/Zotero/storage/WUJ3MKZH/Hernandez et al_2006_The effect of sample size and species characteristics on performance of.pdf}
}

@techreport{hertel_global_1997,
  type = {University of {{Cambridge}}},
  title = {Global Trade Analysis: {{Modeling}} and Applications},
  author = {Hertel, Thomas and Powell, Alan and Frisvold, George and Gehlhar, Mark and Gray, Denice and Hanslow, Kevin and Huff, Karen and Ianchovichina, Elena and Kuhn, Betsey and Lanclos, D. Kent and MacLaren, Donald and Martin, Will and McDonald, Brad and McDougall, Robert and Pearson, Ken and Perroni, Carlo and Swaminathan, Padma and Tsigas, Marinos and Tyers, Rod and Wigle, Randall and Yang, Yongzheng and Yanagishima, Koji and Young, Linda M.},
  year = {1997},
  address = {{Department of Agricultural Economics, Purdue University, West Lafayette, IN}},
  institution = {{Global Trade Analysis Project (GTAP)}}
}

@misc{hijmans_package_2011,
  title = {Package 'Dismo'},
  author = {Hijmans, R.J. and Phillips, S. and Leathwick, J. and Elith, J.},
  year = {2011},
  howpublished = {http://cran.r-project.org/web/packages/dismo/index.html},
  keywords = {\#nosource}
}

@article{hijmans_very_2005,
  title = {Very High Resolution Interpolated Climate Surfaces for Global Land Areas},
  author = {Hijmans, Robert J. and Cameron, Susan E. and Parra, Juan L. and Jones, Peter G. and Jarvis, Andy},
  year = {2005},
  journal = {International Journal of Climatology},
  volume = {25},
  number = {15},
  pages = {1965--1978},
  issn = {1097-0088},
  doi = {10.1002/joc.1276},
  keywords = {ANUSPLIN,Climate,Error,GIS,Interpolation,Precipitation,Temperature,Uncertainty},
  file = {/Users/simon/Zotero/storage/D2YDN2HF/Hijmans et al_2005_Very high resolution interpolated climate surfaces for global land areas.pdf}
}

@article{hijmans_worldclim_nodate,
  title = {{{WORLDCLIM}}\textendash a Set of Global Climate Layers (Climate Grids)},
  author = {Hijmans, Robert and Cameron, Susan and Parra, Juan and Jones, Peter and Jarvis, Andy},
  year = {2005},
  journal = {International Journal of Climatology},
  volume = {25},
  pages = {1965--1978}
}

@techreport{hilaire_remind-magpie_2020,
  title = {The {{REMIND}}-{{MAgPIE}} Model and Scenarios for Transition Risk Analysis. {{A}} Report Prepared by {{PIK}} for the {{UNEP}}-{{FI Banking Pilot}} Project ({{Phase}} 2)},
  author = {Hilaire, J{\'e}r{\^o}me and Bertram, Christoph},
  year = {2020},
  pages = {20 pages},
  institution = {{Potsdam Institute for Climate Impact Research (PIK)}},
  language = {en},
  file = {/Users/simon/Zotero/storage/86W8J7AB/Hilaire and Bertram - 2020 - The REMIND-MAgPIE model and scenarios for transiti.pdf}
}

@article{hill_modis_2020,
  title = {The {{MODIS Global Vegetation Fractional Cover Product}} 2001\textendash 2018: {{Characteristics}} of {{Vegetation Fractional Cover}} in {{Grasslands}} and {{Savanna Woodlands}}},
  shorttitle = {The {{MODIS Global Vegetation Fractional Cover Product}} 2001\textendash 2018},
  author = {Hill, Michael J. and Guerschman, Juan P.},
  year = {2020},
  month = jan,
  journal = {Remote Sensing},
  volume = {12},
  number = {3},
  pages = {406},
  issn = {2072-4292},
  doi = {10.3390/rs12030406},
  language = {en},
  file = {/Users/simon/Zotero/storage/YAHMUZXM/Hill and Guerschman - 2020 - The MODIS Global Vegetation Fractional Cover Produ.pdf}
}

@article{hodges_adding_2010,
  title = {Adding {{Spatially}}-{{Correlated Errors Can Mess Up}} the {{Fixed Effect You Love}}},
  author = {Hodges, James S. and Reich, Brian J.},
  year = {2010},
  month = nov,
  journal = {The American Statistician},
  volume = {64},
  number = {4},
  pages = {325--334},
  issn = {0003-1305, 1537-2731},
  doi = {10.1198/tast.2010.10052},
  language = {en},
  file = {/Users/simon/Zotero/storage/DP6MIC8V/Hodges and Reich - 2010 - Adding Spatially-Correlated Errors Can Mess Up the.pdf}
}

@misc{horridge_gempack_2018,
  title = {{{GEMPACK}} Manual, {{GEMPACK Software}}, {{ISBN}} 978-1-921654-34-3},
  author = {Horridge, J. M. and Jerie, M. and Mustakinov, D. and Schiffmann, F.},
  year = {2018}
}

@article{hoskins_downscaling_2016,
  title = {Downscaling Land-Use Data to Provide Global 30" Estimates of Five Land-Use Classes},
  author = {Hoskins, Andrew J. and Bush, Alex and Gilmore, James and Harwood, Tom and Hudson, Lawrence N. and Ware, Chris and Williams, Kristen J. and Ferrier, Simon},
  year = {2016},
  journal = {Ecology and Evolution},
  volume = {6},
  number = {9},
  pages = {3040--3055},
  doi = {10.1002/ece3.2104},
  keywords = {Constrained optimization,Global change,Land cover,Land use,Landscape modification,Statistical downscaling},
  file = {/Users/simon/Zotero/storage/83FRBLVS/Hoskins et al_2016_Downscaling land-use data to provide global 30 estimates of five land-use.pdf}
}

@article{hudson_database_2017,
  title = {The Database of the {{PREDICTS}} ({{Projecting Responses}} of {{Ecological Diversity In Changing Terrestrial Systems}}) Project},
  author = {Hudson, Lawrence N. and Newbold, Tim and Contu, Sara and Hill, Samantha L. L. and Lysenko, Igor and De Palma, Adriana and Phillips, Helen R. P. and Alhusseini, Tamera I. and Bedford, Felicity E. and Bennett, Dominic J. and Booth, Hollie and Burton, Victoria J. and Chng, Charlotte W. T. and Choimes, Argyrios and Correia, David L. P. and Day, Julie and {Echeverr{\'i}a-Londo{\~n}o}, Susy and Emerson, Susan R. and Gao, Di and Garon, Morgan and Harrison, Michelle L. K. and Ingram, Daniel J. and Jung, Martin and Kemp, Victoria and Kirkpatrick, Lucinda and Martin, Callum D. and Pan, Yuan and {Pask-Hale}, Gwilym D. and Pynegar, Edwin L. and Robinson, Alexandra N. and {Sanchez-Ortiz}, Katia and Senior, Rebecca A. and Simmons, Benno I. and White, Hannah J. and Zhang, Hanbin and Aben, Job and Abrahamczyk, Stefan and Adum, Gilbert B. and {Aguilar-Barquero}, Virginia and Aizen, Marcelo A. and Albertos, Bel{\'e}n and Alcala, E. L. and {del Mar Alguacil}, Maria and Alignier, Audrey and Ancrenaz, Marc and Andersen, Alan N. and {Arbel{\'a}ez-Cort{\'e}s}, Enrique and Armbrecht, Inge and {Arroyo-Rodr{\'i}guez}, V{\'i}ctor and Aumann, Tom and Axmacher, Jan C. and Azhar, Badrul and Azpiroz, Adri{\'a}n B. and Baeten, Lander and Bakayoko, Adama and B{\'a}ldi, Andr{\'a}s and Banks, John E. and Baral, Sharad K. and Barlow, Jos and Barratt, Barbara I. P. and Barrico, Lurdes and Bartolommei, Paola and Barton, Diane M. and Basset, Yves and Bat{\'a}ry, P{\'e}ter and Bates, Adam J. and Baur, Bruno and Bayne, Erin M. and Beja, Pedro and Benedick, Suzan and Berg, {\AA}ke and Bernard, Henry and Berry, Nicholas J. and Bhatt, Dinesh and Bicknell, Jake E. and Bihn, Jochen H. and Blake, Robin J. and Bobo, Kadiri S. and B{\'o}{\c c}on, Roberto and Boekhout, Teun and {B{\"o}hning-Gaese}, Katrin and Bonham, Kevin J. and Borges, Paulo A. V. and Borges, S{\'e}rgio H. and Boutin, C{\'e}line and Bouyer, J{\'e}r{\'e}my and Bragagnolo, Cibele and Brandt, Jodi S. and Brearley, Francis Q. and Brito, Isabel and Bros, Vicen{\c c} and Brunet, J{\"o}rg and Buczkowski, Grzegorz and Buddle, Christopher M. and Bugter, Rob and Buscardo, Erika and Buse, J{\"o}rn and {Cabra-Garc{\'i}a}, Jimmy and C{\'a}ceres, Nilton C. and Cagle, Nicolette L. and {Calvi{\~n}o-Cancela}, Mar{\'i}a and Cameron, Sydney A. and Cancello, Eliana M. and Caparr{\'o}s, Rut and Cardoso, Pedro and Carpenter, Dan and Carrijo, Tiago F. and Carvalho, Anelena L. and Cassano, Camila R. and Castro, Helena and {Castro-Luna}, Alejandro A. and Rolando, Cerda B. and Cerezo, Alexis and Chapman, Kim Alan and Chauvat, Matthieu and Christensen, Morten and Clarke, Francis M. and Cleary, Daniel F.R. and Colombo, Giorgio and Connop, Stuart P. and Craig, Michael D. and {Cruz-L{\'o}pez}, Leopoldo and Cunningham, Saul A. and D'Aniello, Biagio and D'Cruze, Neil and {da Silva}, Pedro Giov{\^a}ni and Dallimer, Martin and Danquah, Emmanuel and Darvill, Ben and Dauber, Jens and Davis, Adrian L. V. and Dawson, Jeff and {de Sassi}, Claudio and {de Thoisy}, Benoit and Deheuvels, Olivier and Dejean, Alain and Devineau, Jean-Louis and Diek{\"o}tter, Tim and Dolia, Jignasu V. and Dom{\'i}nguez, Erwin and {Dominguez-Haydar}, Yamileth and Dorn, Silvia and Draper, Isabel and Dreber, Niels and Dumont, Bertrand and Dures, Simon G. and Dynesius, Mats and Edenius, Lars and Eggleton, Paul and Eigenbrod, Felix and Elek, Zolt{\'a}n and Entling, Martin H. and Esler, Karen J. and {de Lima}, Ricardo F. and Faruk, Aisyah and Farwig, Nina and Fayle, Tom M. and Felicioli, Antonio and Felton, Annika M. and Fensham, Roderick J. and Fernandez, Ignacio C. and Ferreira, Catarina C. and Ficetola, Gentile F. and Fiera, Cristina and Filgueiras, Bruno K. C. and F{\i}r{\i}nc{\i}o{\u g}lu, H{\"u}seyin K. and Flaspohler, David and Floren, Andreas and Fonte, Steven J. and Fournier, Anne and Fowler, Robert E. and Franz{\'e}n, Markus and Fraser, Lauchlan H. and Fredriksson, Gabriella M. and Freire, Geraldo B. and Frizzo, Tiago L. M. and Fukuda, Daisuke and Furlani, Dario and Gaigher, Ren{\'e} and Ganzhorn, J{\"o}rg U. and Garc{\'i}a, Karla P. and {Garcia-R}, Juan C. and Garden, Jenni G. and Garilleti, Ricardo and Ge, Bao-Ming and {Gendreau-Berthiaume}, Benoit and Gerard, Philippa J. and {Gheler-Costa}, Carla and Gilbert, Benjamin and Giordani, Paolo and Giordano, Simonetta and Golodets, Carly and Gomes, Laurens G. L. and Gould, Rachelle K. and Goulson, Dave and Gove, Aaron D. and Granjon, Laurent and Grass, Ingo and Gray, Claudia L. and Grogan, James and Gu, Weibin and Guardiola, Mois{\`e}s and Gunawardene, Nihara R. and Gutierrez, Alvaro G. and {Guti{\'e}rrez-Lamus}, Doris L. and Haarmeyer, Daniela H. and Hanley, Mick E. and Hanson, Thor and Hashim, Nor R. and Hassan, Shombe N. and Hatfield, Richard G. and Hawes, Joseph E. and Hayward, Matt W. and H{\'e}bert, Christian and Helden, Alvin J. and Henden, John-Andr{\'e} and Henschel, Philipp and Hern{\'a}ndez, Lionel and Herrera, James P. and Herrmann, Farina and Herzog, Felix and {Higuera-Diaz}, Diego and Hilje, Branko and H{\"o}fer, Hubert and Hoffmann, Anke and Horgan, Finbarr G. and Hornung, Elisabeth and Horv{\'a}th, Roland and Hylander, Kristoffer and {Isaacs-Cubides}, Paola and Ishida, Hiroaki and Ishitani, Masahiro and Jacobs, Carmen T. and Jaramillo, V{\'i}ctor J. and Jauker, Birgit and Hern{\'a}ndez, F. Jim{\'e}nez and Johnson, McKenzie F. and Jolli, Virat and Jonsell, Mats and Juliani, S. Nur and Jung, Thomas S. and Kapoor, Vena and Kappes, Heike and Kati, Vassiliki and Katovai, Eric and Kellner, Klaus and Kessler, Michael and Kirby, Kathryn R. and Kittle, Andrew M. and Knight, Mairi E. and Knop, Eva and Kohler, Florian and Koivula, Matti and Kolb, Annette and Kone, Mouhamadou and K{\H o}r{\"o}si, {\'A}d{\'a}m and Krauss, Jochen and Kumar, Ajith and Kumar, Raman and Kurz, David J. and Kutt, Alex S. and Lachat, Thibault and Lantschner, Victoria and Lara, Francisco and Lasky, Jesse R. and Latta, Steven C. and Laurance, William F. and Lavelle, Patrick and Le F{\'e}on, Violette and LeBuhn, Gretchen and L{\'e}gar{\'e}, Jean-Philippe and Lehouck, Val{\'e}rie and Lencinas, Mar{\'i}a V. and Lentini, Pia E. and Letcher, Susan G. and Li, Qi and Litchwark, Simon A. and Littlewood, Nick A. and Liu, Yunhui and {Lo-Man-Hung}, Nancy and {L{\'o}pez-Quintero}, Carlos A. and Louhaichi, Mounir and L{\"o}vei, Gabor L. and {Lucas-Borja}, Manuel Esteban and Luja, Victor H. and Luskin, Matthew S. and MacSwiney G, M Cristina and Maeto, Kaoru and Magura, Tibor and Mallari, Neil Aldrin and Malone, Louise A. and Malonza, Patrick K. and {Malumbres-Olarte}, Jagoba and Mandujano, Salvador and M{\aa}ren, Inger E. and {Marin-Spiotta}, Erika and Marsh, Charles J. and Marshall, E. J. P. and Mart{\'i}nez, Eliana and Mart{\'i}nez Pastur, Guillermo and Moreno Mateos, David and Mayfield, Margaret M. and Mazimpaka, Vicente and McCarthy, Jennifer L. and McCarthy, Kyle P. and McFrederick, Quinn S. and McNamara, Sean and Medina, Nagore G. and Medina, Rafael and Mena, Jose L. and Mico, Estefania and Mikusinski, Grzegorz and Milder, Jeffrey C. and Miller, James R. and {Miranda-Esquivel}, Daniel R. and Moir, Melinda L. and Morales, Carolina L. and Muchane, Mary N. and Muchane, Muchai and {Mudri-Stojnic}, Sonja and Munira, A. Nur and {Muo{\~n}z-Alonso}, Antonio and Munyekenye, B. F. and Naidoo, Robin and Naithani, A. and Nakagawa, Michiko and Nakamura, Akihiro and Nakashima, Yoshihiro and Naoe, Shoji and {Nates-Parra}, Guiomar and Navarrete Gutierrez, Dario A. and {Navarro-Iriarte}, Luis and Ndang'ang'a, Paul K. and Neuschulz, Eike L. and Ngai, Jacqueline T. and Nicolas, Violaine and Nilsson, Sven G. and Noreika, Norbertas and Norfolk, Olivia and Noriega, Jorge Ari and Norton, David A. and N{\"o}ske, Nicole M. and Nowakowski, A. Justin and Numa, Catherine and O'Dea, Niall and O'Farrell, Patrick J. and Oduro, William and Oertli, Sabine and {Ofori-Boateng}, Caleb and Oke, Christopher Omamoke and Oostra, Vicencio and Osgathorpe, Lynne M. and Otavo, Samuel Eduardo and Page, Navendu V. and Paritsis, Juan and {Parra-H}, Alejandro and Parry, Luke and Pe'er, Guy and Pearman, Peter B. and Pelegrin, Nicol{\'a}s and P{\'e}lissier, Rapha{\"e}l and Peres, Carlos A. and Peri, Pablo L. and Persson, Anna S. and Petanidou, Theodora and Peters, Marcell K. and Pethiyagoda, Rohan S. and Phalan, Ben and Philips, T. Keith and Pillsbury, Finn C. and {Pincheira-Ulbrich}, Jimmy and Pineda, Eduardo and Pino, Joan and {Pizarro-Araya}, Jaime and Plumptre, A. J. and Poggio, Santiago L. and Politi, Natalia and Pons, Pere and Poveda, Katja and Power, Eileen F. and Presley, Steven J. and Proen{\c c}a, V{\^a}nia and Quaranta, Marino and Quintero, Carolina and Rader, Romina and Ramesh, B. R. and {Ramirez-Pinilla}, Martha P. and Ranganathan, Jai and Rasmussen, Claus and {Redpath-Downing}, Nicola A. and Reid, J. Leighton and Reis, Yana T. and Rey Benayas, Jos{\'e} M. and {Rey-Velasco}, Juan Carlos and Reynolds, Chevonne and Ribeiro, Danilo Bandini and Richards, Miriam H. and Richardson, Barbara A. and Richardson, Michael J. and R{\'i}os, Rodrigo Macip and Robinson, Richard and Robles, Carolina A. and R{\"o}mbke, J{\"o}rg and {Romero-Duque}, Luz Piedad and R{\"o}s, Matthias and Rosselli, Loreta and Rossiter, Stephen J. and Roth, Dana S. and Roulston, T'ai H. and Rousseau, Laurent and Rubio, Andr{\'e} V. and Ruel, Jean-Claude and Sadler, Jonathan P. and S{\'a}fi{\'a}n, Szabolcs and {Salda{\~n}a-V{\'a}zquez}, Romeo A. and Sam, Katerina and Samneg{\aa}rd, Ulrika and Santana, Joana and Santos, Xavier and Savage, Jade and Schellhorn, Nancy A. and Schilthuizen, Menno and Schmiedel, Ute and Schmitt, Christine B. and Schon, Nicole L. and Sch{\"u}epp, Christof and Schumann, Katharina and Schweiger, Oliver and Scott, Dawn M. and Scott, Kenneth A. and Sedlock, Jodi L. and Seefeldt, Steven S. and Shahabuddin, Ghazala and Shannon, Graeme and Sheil, Douglas and Sheldon, Frederick H. and Shochat, Eyal and Siebert, Stefan J. and Silva, Fernando A. B. and Simonetti, Javier A. and Slade, Eleanor M. and Smith, Jo and {Smith-Pardo}, Allan H. and Sodhi, Navjot S. and Somarriba, Eduardo J. and Sosa, Ram{\'o}n A. and Soto Quiroga, Grimaldo and {St-Laurent}, Martin-Hugues and Starzomski, Brian M. and Stefanescu, Constanti and {Steffan-Dewenter}, Ingolf and Stouffer, Philip C. and Stout, Jane C. and Strauch, Ayron M. and Struebig, Matthew J. and Su, Zhimin and {Suarez-Rubio}, Marcela and Sugiura, Shinji and Summerville, Keith S. and Sung, Yik-Hei and Sutrisno, Hari and Svenning, Jens-Christian and Teder, Tiit and Threlfall, Caragh G. and Tiitsaar, Anu and Todd, Jacqui H. and Tonietto, Rebecca K. and Torre, Ignasi and T{\'o}thm{\'e}r{\'e}sz, B{\'e}la and Tscharntke, Teja and Turner, Edgar C. and Tylianakis, Jason M. and {Uehara-Prado}, Marcio and {Urbina-Cardona}, Nicolas and Vallan, Denis and Vanbergen, Adam J. and Vasconcelos, Heraldo L. and Vassilev, Kiril and Verboven, Hans A. F. and Verdasca, Maria Jo{\~a}o and Verd{\'u}, Jos{\'e} R. and Vergara, Carlos H. and Vergara, Pablo M. and Verhulst, Jort and Virgilio, Massimiliano and Vu, Lien Van and Waite, Edward M. and Walker, Tony R. and Wang, Hua-Feng and Wang, Yanping and Watling, James I. and Weller, Britta and Wells, Konstans and Westphal, Catrin and Wiafe, Edward D. and Williams, Christopher D. and Willig, Michael R. and Woinarski, John C. Z. and Wolf, Jan H. D. and Wolters, Volkmar and Woodcock, Ben A. and Wu, Jihua and Wunderle, Joseph M. and Yamaura, Yuichi and Yoshikura, Satoko and Yu, Douglas W. and Zaitsev, Andrey S. and Zeidler, Juliane and Zou, Fasheng and Collen, Ben and Ewers, Rob M. and Mace, Georgina M. and Purves, Drew W. and Scharlemann, J{\"o}rn P. W. and Purvis, Andy},
  year = {2017},
  month = jan,
  journal = {Ecology and Evolution},
  volume = {7},
  number = {1},
  pages = {145--188},
  issn = {20457758},
  doi = {10.1002/ece3.2579},
  language = {en},
  file = {/Users/simon/Zotero/storage/X9GGABW7/Hudson et al. - 2017 - The database of the PREDICTS (Projecting Responses.pdf}
}

@article{hudson_predicts_2014,
  title = {The {{PREDICTS}} Database: A Global Database of How Local Terrestrial Biodiversity Responds to Human Impacts},
  shorttitle = {The {{PREDICTS}} Database},
  author = {Hudson, Lawrence N. and Newbold, Tim and Contu, Sara and Hill, Samantha L. L. and Lysenko, Igor and De Palma, Adriana and Phillips, Helen R. P. and Senior, Rebecca A. and Bennett, Dominic J. and Booth, Hollie and Choimes, Argyrios and Correia, David L. P. and Day, Julie and {Echeverr{\'i}a-Londo{\~n}o}, Susy and Garon, Morgan and Harrison, Michelle L. K. and Ingram, Daniel J. and Jung, Martin and Kemp, Victoria and Kirkpatrick, Lucinda and Martin, Callum D. and Pan, Yuan and White, Hannah J. and Aben, Job and Abrahamczyk, Stefan and Adum, Gilbert B. and {Aguilar-Barquero}, Virginia and Aizen, Marcelo A. and Ancrenaz, Marc and {Arbel{\'a}ez-Cort{\'e}s}, Enrique and Armbrecht, Inge and Azhar, Badrul and Azpiroz, Adri{\'a}n B. and Baeten, Lander and B{\'a}ldi, Andr{\'a}s and Banks, John E. and Barlow, Jos and Bat{\'a}ry, P{\'e}ter and Bates, Adam J. and Bayne, Erin M. and Beja, Pedro and Berg, {\AA}ke and Berry, Nicholas J. and Bicknell, Jake E. and Bihn, Jochen H. and {B{\"o}hning-Gaese}, Katrin and Boekhout, Teun and Boutin, C{\'e}line and Bouyer, J{\'e}r{\'e}my and Brearley, Francis Q. and Brito, Isabel and Brunet, J{\"o}rg and Buczkowski, Grzegorz and Buscardo, Erika and {Cabra-Garc{\'i}a}, Jimmy and {Calvi{\~n}o-Cancela}, Mar{\'i}a and Cameron, Sydney A. and Cancello, Eliana M. and Carrijo, Tiago F. and Carvalho, Anelena L. and Castro, Helena and {Castro-Luna}, Alejandro A. and Cerda, Rolando and Cerezo, Alexis and Chauvat, Matthieu and Clarke, Frank M. and Cleary, Daniel F. R. and Connop, Stuart P. and D'Aniello, Biagio and {da Silva}, Pedro Giov{\^a}ni and Darvill, Ben and Dauber, Jens and Dejean, Alain and Diek{\"o}tter, Tim and {Dominguez-Haydar}, Yamileth and Dormann, Carsten F. and Dumont, Bertrand and Dures, Simon G. and Dynesius, Mats and Edenius, Lars and Elek, Zolt{\'a}n and Entling, Martin H. and Farwig, Nina and Fayle, Tom M. and Felicioli, Antonio and Felton, Annika M. and Ficetola, Gentile F. and Filgueiras, Bruno K. C. and Fonte, Steven J. and Fraser, Lauchlan H. and Fukuda, Daisuke and Furlani, Dario and Ganzhorn, J{\"o}rg U. and Garden, Jenni G. and {Gheler-Costa}, Carla and Giordani, Paolo and Giordano, Simonetta and Gottschalk, Marco S. and Goulson, Dave and Gove, Aaron D. and Grogan, James and Hanley, Mick E. and Hanson, Thor and Hashim, Nor R. and Hawes, Joseph E. and H{\'e}bert, Christian and Helden, Alvin J. and Henden, John-Andr{\'e} and Hern{\'a}ndez, Lionel and Herzog, Felix and {Higuera-Diaz}, Diego and Hilje, Branko and Horgan, Finbarr G. and Horv{\'a}th, Roland and Hylander, Kristoffer and {Isaacs-Cubides}, Paola and Ishitani, Masahiro and Jacobs, Carmen T. and Jaramillo, V{\'i}ctor J. and Jauker, Birgit and Jonsell, Mats and Jung, Thomas S. and Kapoor, Vena and Kati, Vassiliki and Katovai, Eric and Kessler, Michael and Knop, Eva and Kolb, Annette and K{\H o}r{\"o}si, {\'A}d{\'a}m and Lachat, Thibault and Lantschner, Victoria and Le F{\'e}on, Violette and LeBuhn, Gretchen and L{\'e}gar{\'e}, Jean-Philippe and Letcher, Susan G. and Littlewood, Nick A. and {L{\'o}pez-Quintero}, Carlos A. and Louhaichi, Mounir and L{\"o}vei, Gabor L. and {Lucas-Borja}, Manuel Esteban and Luja, Victor H. and Maeto, Kaoru and Magura, Tibor and Mallari, Neil Aldrin and {Marin-Spiotta}, Erika and Marshall, E. J. P. and Mart{\'i}nez, Eliana and Mayfield, Margaret M. and Mikusinski, Grzegorz and Milder, Jeffrey C. and Miller, James R. and Morales, Carolina L. and Muchane, Mary N. and Muchane, Muchai and Naidoo, Robin and Nakamura, Akihiro and Naoe, Shoji and {Nates-Parra}, Guiomar and Navarrete Gutierrez, Dario A. and Neuschulz, Eike L. and Noreika, Norbertas and Norfolk, Olivia and Noriega, Jorge Ari and N{\"o}ske, Nicole M. and O'Dea, Niall and Oduro, William and {Ofori-Boateng}, Caleb and Oke, Chris O. and Osgathorpe, Lynne M. and Paritsis, Juan and {Parra-H}, Alejandro and Pelegrin, Nicol{\'a}s and Peres, Carlos A. and Persson, Anna S. and Petanidou, Theodora and Phalan, Ben and Philips, T. Keith and Poveda, Katja and Power, Eileen F. and Presley, Steven J. and Proen{\c c}a, V{\^a}nia and Quaranta, Marino and Quintero, Carolina and {Redpath-Downing}, Nicola A. and Reid, J. Leighton and Reis, Yana T. and Ribeiro, Danilo B. and Richardson, Barbara A. and Richardson, Michael J. and Robles, Carolina A. and R{\"o}mbke, J{\"o}rg and {Romero-Duque}, Luz Piedad and Rosselli, Loreta and Rossiter, Stephen J. and Roulston, T'ai H. and Rousseau, Laurent and Sadler, Jonathan P. and S{\'a}fi{\'a}n, Szabolcs and {Salda{\~n}a-V{\'a}zquez}, Romeo A. and Samneg{\aa}rd, Ulrika and Sch{\"u}epp, Christof and Schweiger, Oliver and Sedlock, Jodi L. and Shahabuddin, Ghazala and Sheil, Douglas and Silva, Fernando A. B. and Slade, Eleanor M. and {Smith-Pardo}, Allan H. and Sodhi, Navjot S. and Somarriba, Eduardo J. and Sosa, Ram{\'o}n A. and Stout, Jane C. and Struebig, Matthew J. and Sung, Yik-Hei and Threlfall, Caragh G. and Tonietto, Rebecca and T{\'o}thm{\'e}r{\'e}sz, B{\'e}la and Tscharntke, Teja and Turner, Edgar C. and Tylianakis, Jason M. and Vanbergen, Adam J. and Vassilev, Kiril and Verboven, Hans A. F. and Vergara, Carlos H. and Vergara, Pablo M. and Verhulst, Jort and Walker, Tony R. and Wang, Yanping and Watling, James I. and Wells, Konstans and Williams, Christopher D. and Willig, Michael R. and Woinarski, John C. Z. and Wolf, Jan H. D. and Woodcock, Ben A. and Yu, Douglas W. and Zaitsev, Andrey S. and Collen, Ben and Ewers, Rob M. and Mace, Georgina M. and Purves, Drew W. and Scharlemann, J{\"o}rn P. W. and Purvis, Andy},
  year = {2014},
  month = dec,
  journal = {Ecology and Evolution},
  volume = {4},
  number = {24},
  pages = {4701--4735},
  issn = {20457758},
  doi = {10.1002/ece3.1303},
  language = {en},
  file = {/Users/simon/Zotero/storage/ZJGVIRLR/Hudson et al. - 2014 - The PREDICTS database a global database of how lo.pdf}
}

@article{hurtt_harmonization_2011,
  title = {Harmonization of Land-Use Scenarios for the Period 1500-2100: 600 Years of Global Gridded Annual Land-Use Transitions, Wood Harvest, and Resulting Secondary Lands},
  author = {Hurtt, G. C. and Chini, L. P. and Frolking, S. and Betts, R. A. and Feddema, J. and Fischer, G. and Fisk, J. P. and Hibbard, K. and Houghton, R. A. and Janetos, A. and Jones, C. D. and Kindermann, G. and Kinoshita, T. and Klein Goldewijk, Kees and Riahi, K. and Shevliakova, E. and Smith, S. and Stehfest, E. and Thomson, A. and Thornton, P. and {van Vuuren}, D. P. and Wang, Y. P.},
  year = {2011},
  journal = {Climatic Change},
  volume = {109},
  number = {1},
  pages = {117--161},
  issn = {0165-0009},
  doi = {10.1007/s10584-011-0153-2},
  file = {/Users/simon/Zotero/storage/LTVBXPVA/Hurtt et al_2011_Harmonization of land-use scenarios for the period 1500-2100.pdf}
}

@article{hurtt_harmonization_2020,
  title = {Harmonization of Global Land Use Change and Management for the Period 850\textendash 2100 ({{LUH2}}) for {{CMIP6}}},
  author = {Hurtt, George C. and Chini, Louise and Sahajpal, Ritvik and Frolking, Steve and Bodirsky, Benjamin L. and Calvin, Katherine and Doelman, Jonathan C. and Fisk, Justin and Fujimori, Shinichiro and Klein Goldewijk, Kees and Hasegawa, Tomoko and Havlik, Peter and Heinimann, Andreas and Humpen{\"o}der, Florian and Jungclaus, Johan and Kaplan, Jed O. and Kennedy, Jennifer and Krisztin, Tam{\'a}s and Lawrence, David and Lawrence, Peter and Ma, Lei and Mertz, Ole and Pongratz, Julia and Popp, Alexander and Poulter, Benjamin and Riahi, Keywan and Shevliakova, Elena and Stehfest, Elke and Thornton, Peter and Tubiello, Francesco N. and {van Vuuren}, Detlef P. and Zhang, Xin},
  year = {2020},
  month = nov,
  journal = {Geoscientific Model Development},
  volume = {13},
  number = {11},
  pages = {5425--5464},
  issn = {1991-9603},
  doi = {10.5194/gmd-13-5425-2020},
  language = {en},
  file = {/Users/simon/Zotero/storage/9CQ75DB8/Hurtt et al. - 2020 - Harmonization of global land use change and manage.pdf}
}

@article{hyandye_markovian_2017,
  title = {A {{Markovian}} and Cellular Automata Land-Use Change Predictive Model of the {{Usangu Catchment}}},
  author = {Hyandye, Canute and Martz, Lawrence W.},
  year = {2017},
  month = jan,
  journal = {International Journal of Remote Sensing},
  volume = {38},
  number = {1},
  pages = {64--81},
  issn = {0143-1161, 1366-5901},
  doi = {10.1080/01431161.2016.1259675},
  language = {en},
  file = {/Users/simon/Zotero/storage/UWHDC7HS/Hyandye and Martz - 2017 - A Markovian and cellular automata land-use change .pdf}
}

@misc{ipbes_summary_2016,
  ids = {ipbesSummaryPolicymakersMethodological2016b},
  title = {Summary for Policymakers of the Methodological Assessment of Scenarios and Models of Biodiversity and Ecosystem Services of the {{Intergovernmental Science}}-{{Policy Platform}} on {{Biodiversity}} and {{Ecosystem Services}}. {{S}}. {{Ferrier}}, {{K}}. {{N}}.; {{Ninan}}, {{P}}.; {{Leadley}}, {{R}}.; {{Alkemade}}, {{L}}. {{A}}.; {{Acosta}}, {{H}}. {{R}}.; {{Ak\c{c}akaya}}, {{L}}.; {{Brotons}}, {{W}}. {{W}}. {{L}}.; {{Cheung}}, {{V}}. {{Christensen}}, {{K}}. {{A}}.; {{Harhash}}, {{J}}.; {{Kabubo}}-{{Mariara}}, {{C}}.; {{Lundquist}}, {{M}}.; {{Obersteiner}}, {{H}}. {{M}}.; {{Pereira}}, {{G}}.; {{Peterson}}, {{R}}.; {{Pichs}}-{{Madruga}}, {{N}}.; {{Ravindranath}}, {{C}}.; {{Rondinini}} and {{B}}. {{A}}. {{Wintle}} (Eds.). {{Secretariat}} of the {{Intergovernmental Science}}-{{Policy Platform}} on {{Biodiversity}} and {{Ecosystem Services}}, {{Bonn}}, {{Germany}}. 32 Pages.},
  author = {{IPBES}},
  year = {2016},
  file = {/Users/simon/Zotero/storage/TF7U2L3A/IPBES_2016_Summary for policymakers of the methodological assessment of scenarios and.pdf}
}

@misc{ipbes_summary_2019,
  title = {Summary for Policymakers of the Global Assessment Report on Biodiversity and Ecosystem Services of the {{Intergovernmental Science}}-{{Policy Platform}} on {{Biodiversity}} and {{Ecosystem Services}}. {{S}}. {{D\'iaz}}, {{J}}. {{Settele}}, {{E}}. {{S}}. {{Brond\'izio E}}.{{S}}., {{H}}. {{T}}. {{Ngo}}, {{M}}. {{Gu\`eze}}, {{J}}. {{Agard}}, {{A}}. {{Arneth}}, {{P}}. {{Balvanera}}, {{K}}. {{A}}. {{Brauman}}, {{S}}. {{H}}. {{M}}. {{Butchart}}, {{K}}. {{M}}. {{A}}. {{Chan}}, {{L}}. {{A}}. {{Garibaldi}}, {{K}}. {{Ichii}}, {{J}}. {{Liu}}, {{S}}. {{M}}. {{Subramanian}}, {{G}}. {{F}}. {{Midgley}}, {{P}}. {{Miloslavich}}, {{Z}}. {{Moln\'ar}}, {{D}}. {{Obura}}, {{A}}. {{Pfaff}}, {{S}}. {{Polasky}}, {{A}}. {{Purvis}}, {{J}}. {{Razzaque}}, {{B}}. {{Reyers}}, {{R}}. {{Roy Chowdhury}}, {{Y}}. {{J}}. {{Shin}}, {{I}}. {{J}}. {{Visseren}}-{{Hamakers}}, {{K}}. {{J}}. {{Willis}}, and {{C}}. {{N}}. {{Zayas}} (Eds.). {{IPBES}} Secretariat, {{Bonn}}. 56 Pages.},
  author = {{IPBES}},
  year = {2019},
  file = {/Users/simon/Zotero/storage/GNPS3RX3/IPBES_2019_Summary for policymakers of the global assessment report on biodiversity and.pdf}
}

@misc{iucn_iucn_2018,
  title = {The {{IUCN Red List}} of {{Threatened Species}}. {{Version}} 2018-2. {{https://www.iucnredlist.org}}},
  author = {{IUCN}},
  year = {2018},
  keywords = {\#nosource}
}

@misc{iucn_world_2014,
  title = {The {{World Database}} on {{Protected Areas}} ({{WDPA}}). {{UNEP World Conservation Monitoring Centre}}. {{Cambridge}}, {{UK}}. {{https://www.protectedplanet.net}}},
  author = {{IUCN} and {UNEP-WCMC}},
  year = {2014},
  publisher = {{IUCN and UNEP-WCMC}},
  keywords = {\#nosource}
}

@article{jimenez-valverde_insights_2012,
  title = {Insights into the Area under the Receiver Operating Characteristic Curve ({{AUC}}) as a Discrimination Measure in Species Distribution Modelling},
  author = {{Jim{\'e}nez-Valverde}, Alberto},
  year = {2012},
  journal = {Global Ecology and Biogeography},
  volume = {21},
  number = {4},
  pages = {498--507},
  issn = {1466-8238},
  doi = {10.1111/j.1466-8238.2011.00683.x},
  keywords = {AUC,Background data,Commission/omission errors,Misclassification cost,Potential distribution,Realized distribution,ROC curve,Sensitivity,Specificity,Threshold},
  file = {/Users/simon/Zotero/storage/B2LQPY2S/Jiménez-Valverde_2012_Insights into the area under the receiver operating characteristic curve (AUC).pdf}
}

@article{jimenez-valverde_threshold_2007,
  title = {Threshold Criteria for Conversion of Probability of Species Presence to Either-or Presence-Absence},
  author = {{Jimenez-Valverde}, Alberto and Lobo, Jorge M.},
  year = {2007},
  journal = {Acta Oecologica},
  volume = {31},
  number = {3},
  pages = {361--369},
  issn = {1146-609X},
  doi = {10.1016/j.actao.2007.02.001},
  keywords = {Confusion matrix,Habitat-suitability models,Kappa statistic,Logistic regression,Sensitivity-specificity difference minimizer,Sensitivity-specificity sum maximizer,Threshold},
  file = {/Users/simon/Zotero/storage/F4Y32KCR/Jimenez-Valverde_Lobo_2007_Threshold criteria for conversion of probability of species presence to.pdf}
}

@article{kapitza_assessing_2021,
  title = {Assessing Biophysical and Socio-Economic Impacts of Climate Change on Regional Avian Biodiversity},
  author = {Kapitza, Simon and Van Ha, Pham and Kompas, Tom and Golding, Nick and Cadenhead, Natasha C. R. and Bal, Payal and Wintle, Brendan A.},
  year = {2021},
  journal = {Scientific Reports},
  volume = {11},
  number = {3304},
  issn = {2045-2322},
  doi = {10.1038/s41598-021-82474-z},
  copyright = {All rights reserved},
  language = {en},
  file = {/Users/simon/Zotero/storage/FMJY777F/s41598-021-82474-z.pdf}
}

@misc{kapitza_predictive_2020,
  title = {A Predictive Model of Fractional Land Use. {{bioRxiv}}: 10.1101/2020.12.08.415992},
  author = {Kapitza, Simon and Golding, Nick and Wintle, Brendan A.},
  year = {2020},
  eprint = {https://www.biorxiv.org/content/early/2020/12/09/2020.12.08.415992.full.pdf},
  publisher = {{Cold Spring Harbor Laboratory}},
  elocation-id = {2020.12.08.415992}
}

@article{kim_protocol_2018,
  title = {A Protocol for an Intercomparison of Biodiversity and Ecosystem Services Models Using Harmonized Land-Use and Climate Scenarios},
  author = {Kim, HyeJin and Rosa, Isabel M. D. and Alkemade, Rob and Leadley, Paul and Hurtt, George and Popp, Alexander and {van Vuuren}, Detlef P. and Anthoni, Peter and Arneth, Almut and Baisero, Daniele and Caton, Emma and {Chaplin-Kramer}, Rebecca and Chini, Louise and De Palma, Adriana and Di Fulvio, Fulvio and Di Marco, Moreno and Espinoza, Felipe and Ferrier, Simon and Fujimori, Shinichiro and Gonzalez, Ricardo E. and Gueguen, Maya and Guerra, Carlos and Harfoot, Mike and Harwood, Thomas D. and Hasegawa, Tomoko and Haverd, Vanessa and Havl{\'i}k, Petr and Hellweg, Stefanie and Hill, Samantha L. L. and Hirata, Akiko and Hoskins, Andrew J. and Janse, Jan H. and Jetz, Walter and Johnson, Justin A. and Krause, Andreas and Lecl{\`e}re, David and Martins, Ines S. and Matsui, Tetsuya and Merow, Cory and Obersteiner, Michael and Ohashi, Haruka and Poulter, Benjamin and Purvis, Andy and Quesada, Benjamin and Rondinini, Carlo and Schipper, Aafke M. and Sharp, Richard and Takahashi, Kiyoshi and Thuiller, Wilfried and Titeux, Nicolas and Visconti, Piero and Ware, Christopher and Wolf, Florian and Pereira, Henrique M.},
  year = {2018},
  month = nov,
  journal = {Geoscientific Model Development},
  volume = {11},
  number = {11},
  pages = {4537--4562},
  issn = {1991-9603},
  doi = {10.5194/gmd-11-4537-2018},
  language = {en},
  file = {/Users/simon/Zotero/storage/R6BJF9Z2/Kim et al. - 2018 - A protocol for an intercomparison of biodiversity .pdf}
}

@article{kissling_building_2017,
  title = {Building Essential Biodiversity Variables ({{EBVs}}) of Species Distribution and Abundance at a Global Scale},
  author = {Kissling, W. Daniel and Ahumada, Jorge A. and Bowser, Anne and Fernandez, Miguel and Fern{\'a}ndez, N{\'e}stor and Garc{\'i}a, Enrique Alonso and Guralnick, Robert P. and Isaac, Nick J. B. and Kelling, Steve and Los, Wouter and McRae, Louise and Mihoub, Jean-Baptiste and Obst, Matthias and Santamaria, Monica and Skidmore, Andrew K. and Williams, Kristen J. and Agosti, Donat and Amariles, Daniel and Arvanitidis, Christos and Bastin, Lucy and De Leo, Francesca and Egloff, Willi and Elith, Jane and Hobern, Donald and Martin, David and Pereira, Henrique M. and Pesole, Graziano and Peterseil, Johannes and Saarenmaa, Hannu and Schigel, Dmitry and Schmeller, Dirk S. and Segata, Nicola and Turak, Eren and Uhlir, Paul F. and Wee, Brian and Hardisty, Alex R.},
  year = {2018},
  journal = {Biological Reviews},
  volume = {93},
  number = {1},
  eprint = {https://onlinelibrary.wiley.com/doi/pdf/10.1111/brv.12359},
  pages = {600--625},
  doi = {10.1111/brv.12359},
  keywords = {big data,biodiversity monitoring,data interoperability,ecological sustainability,environmental policy,global change research,indicators,informatics,metadata,research infrastructures},
  file = {/Users/simon/Zotero/storage/SSWQN6N3/Kissling et al_2017_Building essential biodiversity variables (EBVs) of species distribution and.pdf}
}

@article{kompas_curse_2018,
  title = {The `Curse of Dimensionality' Resolved: {{The}} Effects of Climate Change and Trade Barriers in Large Dimensional Modelling},
  author = {Kompas, Tom and Van Ha, Pham},
  year = {2019},
  journal = {Economic Modelling},
  volume = {80},
  pages = {103--110},
  issn = {0264-9993},
  doi = {10.1016/j.econmod.2018.08.011},
  keywords = {Climate change,GTAP,Large-scale intertemporal CGE models,Trade barriers},
  file = {/Users/simon/Zotero/storage/NMGF6Y4K/Kompas and Ha - 2018 - The ‘curse of dimensionality’ resolved The effect.pdf}
}

@article{kompas_effects_2018,
  ids = {kompasEffectsClimateChange2018a,kompasEffectsClimateChange2018b,kompas_effects_2018-1},
  title = {The {{Effects}} of {{Climate Change}} on {{GDP}} by {{Country}} and the {{Global Economic Gains From Complying With}} the {{Paris Climate Accord}}},
  author = {Kompas, Tom and Pham, Van Ha and Che, Tuong Nhu},
  year = {2018},
  month = aug,
  journal = {Earth's Future},
  volume = {6},
  pages = {1153--1173},
  issn = {23284277},
  doi = {10.1029/2018EF000922},
  language = {en},
  file = {/Users/simon/Zotero/storage/86N48U6N/Kompas et al_2018_The Effects of Climate Change on GDP by Country and the Global Economic Gains.pdf;/Users/simon/Zotero/storage/BCFG44NW/Kompas et al. - 2018 - The Effects of Climate Change on GDP by Country an.pdf;/Users/simon/Zotero/storage/C6EI8G5G/Kompas et al_2018_The Effects of Climate Change on GDP by Country and the Global Economic Gains.pdf;/Users/simon/Zotero/storage/R8A69TRH/Kompas et al_2018_The Effects of Climate Change on GDP by Country and the Global Economic Gains.pdf}
}

@incollection{koomen_core_2011,
  title = {Core {{Principles}} and {{Concepts}} in {{Land}}-{{Use Modelling}}: {{A Literature Review}}},
  shorttitle = {Core {{Principles}} and {{Concepts}} in {{Land}}-{{Use Modelling}}},
  booktitle = {Land-{{Use Modelling}} in {{Planning Practice}}},
  author = {{van Schrojenstein Lantman}, Jonas and Verburg, Peter H. and Bregt, Arnold and Geertman, Stan},
  editor = {Koomen, Eric and {Borsboom-van Beurden}, Judith},
  year = {2011},
  volume = {101},
  pages = {35--57},
  publisher = {{Springer Netherlands}},
  address = {{Dordrecht}},
  doi = {10.1007/978-94-007-1822-7_3},
  isbn = {978-94-007-1821-0 978-94-007-1822-7},
  language = {en},
  file = {/Users/simon/Zotero/storage/NU66L7EP/van Schrojenstein Lantman et al_2011_Core Principles and Concepts in Land-Use Modelling.pdf}
}

@article{kramer-schadt_importance_2013,
  title = {The Importance of Correcting for Sampling Bias in {{MaxEnt}} Species Distribution Models},
  author = {{Kramer-Schadt}, Stephanie and Niedballa, J{\"u}rgen and Pilgrim, John D. and Schr{\"o}der, Boris and Lindenborn, Jana and Reinfelder, Vanessa and Stillfried, Milena and Heckmann, Ilja and Scharf, Anne K. and Augeri, Dave M. and Cheyne, Susan M. and Hearn, Andrew J. and Ross, Joanna and Macdonald, David W. and Mathai, John and Eaton, James and Marshall, Andrew J. and Semiadi, Gono and Rustam, Rustam and Bernard, Henry and Alfred, Raymond and Samejima, Hiromitsu and Duckworth, J. W. and {Breitenmoser-Wuersten}, Christine and Belant, Jerrold L. and Hofer, Heribert and Wilting, Andreas},
  year = {2013},
  journal = {Diversity and Distributions},
  volume = {19},
  number = {11},
  pages = {1366--1379},
  issn = {1472-4642},
  doi = {10.1111/ddi.12096},
  keywords = {Borneo,Carnivora,Conservation planning,Ecological niche modelling,Maximum entropy (MaxEnt),Sampling bias,Southeast Asia,Species distribution modelling,Viverridae},
  file = {/Users/simon/Zotero/storage/G85ZSUSN/Kramer-Schadt et al_2013_The importance of correcting for sampling bias in MaxEnt species distribution.pdf}
}

@article{kriegler_fossil-fueled_2017,
  title = {Fossil-Fueled Development ({{SSP5}}): {{An}} Energy and Resource Intensive Scenario for the 21st Century},
  shorttitle = {Fossil-Fueled Development ({{SSP5}})},
  author = {Kriegler, Elmar and Bauer, Nico and Popp, Alexander and Humpen{\"o}der, Florian and Leimbach, Marian and Strefler, Jessica and Baumstark, Lavinia and Bodirsky, Benjamin Leon and Hilaire, J{\'e}r{\^o}me and Klein, David and Mouratiadou, Ioanna and Weindl, Isabelle and Bertram, Christoph and Dietrich, Jan-Philipp and Luderer, Gunnar and Pehl, Michaja and Pietzcker, Robert and Piontek, Franziska and {Lotze-Campen}, Hermann and Biewald, Anne and Bonsch, Markus and Giannousakis, Anastasis and Kreidenweis, Ulrich and M{\"u}ller, Christoph and Rolinski, Susanne and Schultes, Anselm and Schwanitz, Jana and Stevanovic, Miodrag and Calvin, Katherine and Emmerling, Johannes and Fujimori, Shinichiro and Edenhofer, Ottmar},
  year = {2017},
  month = jan,
  journal = {Global Environmental Change},
  volume = {42},
  pages = {297--315},
  issn = {09593780},
  doi = {10.1016/j.gloenvcha.2016.05.015},
  language = {en},
  file = {/Users/simon/Zotero/storage/24IZZLY8/Kriegler et al. - 2017 - Fossil-fueled development (SSP5) An energy and re.pdf}
}

@article{kriegler_new_2014,
  title = {A New Scenario Framework for Climate Change Research: The Concept of Shared Climate Policy Assumptions},
  shorttitle = {A New Scenario Framework for Climate Change Research},
  author = {Kriegler, Elmar and Edmonds, Jae and Hallegatte, St{\'e}phane and Ebi, Kristie L. and Kram, Tom and Riahi, Keywan and Winkler, Harald and {van Vuuren}, Detlef P.},
  year = {2014},
  month = feb,
  journal = {Climatic Change},
  volume = {122},
  number = {3},
  pages = {401--414},
  issn = {0165-0009, 1573-1480},
  doi = {10.1007/s10584-013-0971-5},
  language = {en},
  file = {/Users/simon/Zotero/storage/Y5DGU9MD/Kriegler et al_2014_A new scenario framework for climate change research.pdf}
}

@article{kunin_towards_1995,
  title = {Towards an {{Asymmetric Index}} of {{Community Similarity}}},
  author = {Kunin, William E.},
  year = {1995},
  month = sep,
  journal = {Oikos},
  volume = {73},
  number = {3},
  pages = {442},
  issn = {00301299},
  doi = {10.2307/3545974},
  language = {en},
  file = {/Users/simon/Zotero/storage/JMVNTZDR/Kunin - 1995 - Towards an Asymmetric Index of Community Similarit.pdf}
}

@article{kuussaari_extinction_2009,
  ids = {kuussaariExtinctionDebtChallenge2009a},
  title = {Extinction Debt: A Challenge for Biodiversity Conservation},
  shorttitle = {Extinction Debt},
  author = {Kuussaari, Mikko and Bommarco, Riccardo and Heikkinen, Risto K. and Helm, Aveliina and Krauss, Jochen and Lindborg, Regina and {\"O}ckinger, Erik and P{\"a}rtel, Meelis and Pino, Joan and Rod{\`a}, Ferran and Stefanescu, Constant{\'i} and Teder, Tiit and Zobel, Martin and {Steffan-Dewenter}, Ingolf},
  year = {2009},
  month = oct,
  journal = {Trends in Ecology \& Evolution},
  volume = {24},
  number = {10},
  pages = {564--571},
  issn = {01695347},
  doi = {10.1016/j.tree.2009.04.011},
  language = {en},
  file = {/Users/simon/Zotero/storage/4HG62IYK/Kuussaari et al_2009_Extinction debt.pdf;/Users/simon/Zotero/storage/BC6YNRL8/Kuussaari et al_2009_Extinction debt.pdf}
}

@article{lai_evaluating_2019,
  title = {Evaluating the Popularity of {{R}} in Ecology},
  author = {Lai, Jiangshan and Lortie, Christopher J. and Muenchen, Robert A. and Yang, Jian and Ma, Keping},
  year = {2019},
  month = jan,
  journal = {Ecosphere},
  volume = {10},
  number = {1},
  issn = {2150-8925, 2150-8925},
  doi = {10.1002/ecs2.2567},
  language = {en},
  file = {/Users/simon/Zotero/storage/8ILFQ436/Lai et al. - 2019 - Evaluating the popularity of R in ecology.pdf}
}

@article{lai_evaluating_2019-1,
  title = {Evaluating the Popularity of {{R}} in Ecology},
  author = {Lai, Jiangshan and Lortie, Christopher J. and Muenchen, Robert A. and Yang, Jian and Ma, Keping},
  year = {2019},
  month = jan,
  journal = {Ecosphere},
  volume = {10},
  number = {1},
  issn = {2150-8925, 2150-8925},
  doi = {10.1002/ecs2.2567},
  language = {en},
  file = {/Users/simon/Zotero/storage/L6KK2P3D/Lai et al. - 2019 - Evaluating the popularity of R in ecology.pdf}
}

@article{lambin_global_2011,
  title = {Global Land Use Change, Economic Globalization, and the Looming Land Scarcity.},
  author = {Lambin, Eric F and Meyfroidt, Patrick and {E. F. Lambin} and {P. Meyfroidt}},
  year = {2011},
  journal = {Proceedings of the National Academy of Sciences of the United States of America},
  volume = {108},
  number = {9},
  pages = {3465--72},
  doi = {10.1073/pnas.1100480108},
  keywords = {Conservation of Natural Resources,Conservation of Natural Resources: economics,Internationality,Population Dynamics,Trees},
  file = {/Users/simon/Zotero/storage/TZQTGZHS/Lambin et al_2011_Global land use change, economic globalization, and the looming land scarcity.pdf}
}

@article{laughlin_applying_2014,
  title = {Applying Trait-Based Models to Achieve Functional Targets for Theory-Driven Ecological Restoration},
  author = {Laughlin, Daniel C.},
  editor = {Hooper, David},
  year = {2014},
  month = jul,
  journal = {Ecology Letters},
  volume = {17},
  number = {7},
  pages = {771--784},
  issn = {1461023X},
  doi = {10.1111/ele.12288},
  language = {en},
  file = {/Users/simon/Zotero/storage/MAGGZSQ4/Laughlin - 2014 - Applying trait-based models to achieve functional .pdf}
}

@article{lawson_prevalence_2014,
  title = {Prevalence, Thresholds and the Performance of Presence-Absence Models},
  author = {Lawson, Callum R. and Hodgson, Jenny A. and Wilson, Robert J. and Richards, Shane A.},
  year = {2014},
  journal = {Methods in Ecology and Evolution},
  volume = {5},
  number = {1},
  pages = {54--64},
  issn = {2041-210X},
  doi = {10.1111/2041-210X.12123},
  keywords = {Area under the curve (AUC),Cohen's kappa,Concordance index,Deviance,Explanatory power,Goodness-of-fit,R-squared,Sensitivity,Specificity,True skill statistic (TSS)},
  file = {/Users/simon/Zotero/storage/LW2DXUGC/Lawson et al_2014_Prevalence, thresholds and the performance of presence-absence models.pdf}
}

@article{leclere_bending_2020,
  title = {Bending the Curve of Terrestrial Biodiversity Needs an Integrated Strategy},
  author = {Lecl{\`e}re, David and Obersteiner, Michael and Barrett, Mike and Butchart, Stuart H. M. and Chaudhary, Abhishek and De Palma, Adriana and DeClerck, Fabrice A. J. and Di Marco, Moreno and Doelman, Jonathan C. and D{\"u}rauer, Martina and Freeman, Robin and Harfoot, Michael and Hasegawa, Tomoko and Hellweg, Stefanie and Hilbers, Jelle P. and Hill, Samantha L. L. and Humpen{\"o}der, Florian and Jennings, Nancy and Krisztin, Tam{\'a}s and Mace, Georgina M. and Ohashi, Haruka and Popp, Alexander and Purvis, Andy and Schipper, Aafke M. and Tabeau, Andrzej and Valin, Hugo and {van Meijl}, Hans and {van Zeist}, Willem-Jan and Visconti, Piero and Alkemade, Rob and Almond, Rosamunde and Bunting, Gill and Burgess, Neil D. and Cornell, Sarah E. and Di Fulvio, Fulvio and Ferrier, Simon and Fritz, Steffen and Fujimori, Shinichiro and Grooten, Monique and Harwood, Thomas and Havl{\'i}k, Petr and Herrero, Mario and Hoskins, Andrew J. and Jung, Martin and Kram, Tom and {Lotze-Campen}, Hermann and Matsui, Tetsuya and Meyer, Carsten and Nel, Deon and Newbold, Tim and {Schmidt-Traub}, Guido and Stehfest, Elke and Strassburg, Bernardo B. N. and {van Vuuren}, Detlef P. and Ware, Chris and Watson, James E. M. and Wu, Wenchao and Young, Lucy},
  year = {2020},
  month = sep,
  journal = {Nature},
  volume = {585},
  number = {7826},
  pages = {551--556},
  issn = {0028-0836, 1476-4687},
  doi = {10.1038/s41586-020-2705-y},
  language = {en},
  file = {/Users/simon/Zotero/storage/QXPQF2EG/Leclère et al. - 2020 - Bending the curve of terrestrial biodiversity need.pdf}
}

@article{lenzen_international_2012,
  title = {International Trade Drives Biodiversity Threats in Developing Nations},
  author = {Lenzen, M. and Moran, D. and Kanemoto, K. and Foran, B. and Lobefaro, L. and Geschke, A.},
  year = {2012},
  month = jun,
  journal = {Nature},
  volume = {486},
  number = {7401},
  pages = {109--112},
  issn = {0028-0836, 1476-4687},
  doi = {10.1038/nature11145},
  language = {en},
  file = {/Users/simon/Zotero/storage/X44K4QKE/Lenzen et al. - 2012 - International trade drives biodiversity threats in.pdf}
}

@article{levers_drivers_2014,
  title = {Drivers of Forest Harvesting Intensity Patterns in {{Europe}}},
  author = {Levers, Christian and Verkerk, Pieter J. and M{\"u}ller, Daniel and Verburg, Peter H. and Butsic, Van and Leit{\~a}o, Pedro J. and Lindner, Marcus and Kuemmerle, Tobias},
  year = {2014},
  month = mar,
  journal = {Forest Ecology and Management},
  volume = {315},
  pages = {160--172},
  issn = {03781127},
  doi = {10.1016/j.foreco.2013.12.030},
  language = {en},
  file = {/Users/simon/Zotero/storage/997XP65D/Levers et al. - 2014 - Drivers of forest harvesting intensity patterns in.pdf}
}

@article{levers_drivers_2016,
  title = {Drivers of Changes in Agricultural Intensity in {{Europe}}},
  author = {Levers, Christian and Butsic, Van and Verburg, Peter H. and M{\"u}ller, Daniel and Kuemmerle, Tobias},
  year = {2016},
  month = dec,
  journal = {Land Use Policy},
  volume = {58},
  pages = {380--393},
  issn = {02648377},
  doi = {10.1016/j.landusepol.2016.08.013},
  language = {en},
  file = {/Users/simon/Zotero/storage/6WWBGSSP/Levers et al. - 2016 - Drivers of changes in agricultural intensity in Eu.pdf}
}

@article{liu_future_2017,
  title = {A Future Land Use Simulation Model ({{FLUS}}) for Simulating Multiple Land Use Scenarios by Coupling Human and Natural Effects},
  author = {Liu, Xiaoping and Liang, Xun and Li, Xia and Xu, Xiaocong and Ou, Jinpei and Chen, Yimin and Li, Shaoying and Wang, Shaojian and Pei, Fengsong},
  year = {2017},
  month = dec,
  journal = {Landscape and Urban Planning},
  volume = {168},
  pages = {94--116},
  issn = {01692046},
  doi = {10.1016/j.landurbplan.2017.09.019},
  language = {en},
  file = {/Users/simon/Zotero/storage/NDUMN4RG/Liu et al. - 2017 - A future land use simulation model (FLUS) for simu.pdf}
}

@article{liu_selecting_2005,
  title = {Selecting {{Thresholds}} of {{Occurrence}} in the {{Predictions}} of {{Species Distribution}}},
  author = {Liu, Canran and Berry, Pam M and Dawson, Terence P and Person, Richard G},
  year = {2005},
  journal = {Ecography},
  volume = {28},
  number = {3},
  pages = {385--393},
  doi = {10.1111/j.0906-7590.2005.03957.x},
  keywords = {2005,385 á,393,graphy 28,in the prediction of,selecting thresholds of occurrence,species},
  file = {/Users/simon/Zotero/storage/3M9EHN9C/Liu et al_2005_Selecting Thresholds of Occurrence in the Predictions of Species Distribution.pdf}
}

@article{liu_selection_2016,
  title = {On the Selection of Thresholds for Predicting Species Occurrence with Presence-Only Data},
  author = {Liu, Canran and Newell, Graeme and White, Matt},
  year = {2016},
  journal = {Ecology and Evolution},
  volume = {6},
  number = {1},
  pages = {337--348},
  issn = {2045-7758},
  doi = {10.1002/ece3.1878},
  keywords = {F measure,Presence-only,Prevalence,Species distribution modeling,Specificity,Threshold},
  file = {/Users/simon/Zotero/storage/HPJRBLNI/Liu et al_2016_On the selection of thresholds for predicting species occurrence with.pdf}
}

@article{maggini_assessing_2014,
  title = {Assessing Species Vulnerability to Climate and Land Use Change: {{The}} Case of the {{Swiss}} Breeding Birds},
  author = {Maggini, Ramona and Lehmann, Anthony and Zbinden, Niklaus and Zimmermann, Niklaus E. and Bolliger, Janine and Schr{\"o}der, Boris and Foppen, Ruud and Schmid, Hans and Beniston, Martin and Jenni, Lukas},
  year = {2014},
  journal = {Diversity and Distributions},
  volume = {20},
  number = {6},
  issn = {13669516 (ISSN)},
  doi = {10.1111/ddi.12207},
  keywords = {\#nosource},
  file = {/Users/simon/Zotero/storage/WM4RFNZ6/Maggini et al_2014_Assessing species vulnerability to climate and land use change.pdf}
}

@article{mantyka-pringle_climate_2015,
  title = {Climate Change Modifies Risk of Global Biodiversity Loss Due to Land-Cover Change},
  author = {{Mantyka-pringle}, Chrystal S and Visconti, Piero and Di, Moreno and Martin, Tara G and Rondinini, Carlo and Rhodes, Jonathan R},
  year = {2015},
  journal = {Biological Conservation},
  volume = {187},
  pages = {103--111},
  doi = {10.1016/j.biocon.2015.04.016},
  file = {/Users/simon/Zotero/storage/WRJ4AD9P/Mantyka-pringle et al_2015_Climate change modifies risk of global biodiversity loss due to land-cover.pdf}
}

@article{margono_primary_2014,
  title = {Primary Forest Cover Loss in {{Indonesia}} over 2000\textendash 2012},
  author = {Margono, Belinda Arunarwati and Potapov, Peter V. and Turubanova, Svetlana and Stolle, Fred and Hansen, Matthew C.},
  year = {2014},
  month = aug,
  journal = {Nature Climate Change},
  volume = {4},
  number = {8},
  pages = {730--735},
  issn = {1758-678X, 1758-6798},
  doi = {10.1038/nclimate2277},
  language = {en},
  file = {/Users/simon/Zotero/storage/JK6RSU9T/Margono et al. - 2014 - Primary forest cover loss in Indonesia over 2000–2.pdf}
}

@article{marquardt_identifying_2021,
  title = {Identifying Regional Drivers of Future Land-Based Biodiversity Footprints},
  author = {Marquardt, Sandra G. and Doelman, Jonathan C. and Daioglou, Vassilis and Tabeau, Andrzej and Schipper, Aafke M. and Sim, Sarah and Kulak, Michal and Steinmann, Zoran J.N. and Stehfest, Elke and Wilting, Harry C. and Huijbregts, Mark A.J.},
  year = {2021},
  month = jul,
  journal = {Global Environmental Change},
  volume = {69},
  pages = {102304},
  issn = {09593780},
  doi = {10.1016/j.gloenvcha.2021.102304},
  language = {en},
  file = {/Users/simon/Zotero/storage/RVNJVIY6/Marquardt et al. - 2021 - Identifying regional drivers of future land-based .pdf}
}

@article{marques_increasing_2019,
  title = {Increasing Impacts of Land Use on Biodiversity and Carbon Sequestration Driven by Population and Economic Growth},
  author = {Marques, Alexandra and Martins, In{\^e}s S. and Kastner, Thomas and Plutzar, Christoph and Theurl, Michaela C. and Eisenmenger, Nina and Huijbregts, Mark A. J. and Wood, Richard and Stadler, Konstantin and Bruckner, Martin and Canelas, Joana and Hilbers, Jelle P. and Tukker, Arnold and Erb, Karlheinz and Pereira, Henrique M.},
  year = {2019},
  journal = {Nature Ecology \& Evolution},
  volume = {3},
  number = {4},
  pages = {628--637},
  issn = {2397-334X},
  doi = {10.1038/s41559-019-0824-3},
  language = {en},
  file = {/Users/simon/Zotero/storage/RNUQB2HE/Marques et al_2019_Increasing impacts of land use on biodiversity and carbon sequestration driven.pdf}
}

@article{marshall_quantifying_2021,
  title = {Quantifying the Impact of Vegetation-based Metrics on Species Persistence When Choosing Offsets for Habitat Destruction},
  author = {Marshall, Erica and Valavi, Roozbeh and Connor, Louise O' and Cadenhead, Natasha and Southwell, Darren and Wintle, Brendan A. and Kujala, Heini},
  year = {2021},
  month = apr,
  journal = {Conservation Biology},
  volume = {35},
  number = {2},
  pages = {567--577},
  issn = {0888-8892, 1523-1739},
  doi = {10.1111/cobi.13600},
  language = {en},
  file = {/Users/simon/Zotero/storage/YL4ZNJ57/Marshall et al. - 2021 - Quantifying the impact of vegetation‐based metrics.pdf}
}

@article{martin_biodiversity_2019,
  title = {The Biodiversity Intactness Index May Underestimate Losses},
  author = {Martin, Philip A. and Green, Rhys E. and Balmford, Andrew},
  year = {2019},
  month = jun,
  journal = {Nature Ecology \& Evolution},
  volume = {3},
  number = {6},
  pages = {862--863},
  issn = {2397-334X},
  doi = {10.1038/s41559-019-0895-1},
  language = {en},
  file = {/Users/simon/Zotero/storage/VP23D4PW/Martin et al. - 2019 - The biodiversity intactness index may underestimat.pdf}
}

@article{mcgowan_conservation_2020,
  title = {Conservation Prioritization Can Resolve the Flagship Species Conundrum},
  author = {McGowan, Jennifer and Beaumont, Linda J. and Smith, Robert J. and Chauvenet, Alienor L. M. and Harcourt, Robert and Atkinson, Scott C. and Mittermeier, John C. and {Esperon-Rodriguez}, Manuel and Baumgartner, John B. and Beattie, Andrew and Dudaniec, Rachael Y. and Grenyer, Richard and Nipperess, David A. and Stow, Adam and Possingham, Hugh P.},
  year = {2020},
  month = dec,
  journal = {Nature Communications},
  volume = {11},
  number = {1},
  pages = {994},
  issn = {2041-1723},
  doi = {10.1038/s41467-020-14554-z},
  language = {en},
  file = {/Users/simon/Zotero/storage/JE3SMIAJ/McGowan et al. - 2020 - Conservation prioritization can resolve the flagsh.pdf}
}

@article{mcmichael_climate_2006,
  title = {Climate Change and Human Health: Present and Future Risks},
  shorttitle = {Climate Change and Human Health},
  author = {McMichael, Anthony J and Woodruff, Rosalie E and Hales, Simon},
  year = {2006},
  month = mar,
  journal = {The Lancet},
  volume = {367},
  number = {9513},
  pages = {859--869},
  issn = {01406736},
  doi = {10.1016/S0140-6736(06)68079-3},
  language = {en},
  file = {/Users/simon/Zotero/storage/2C7ZSR4M/McMichael et al_2006_Climate change and human health.pdf}
}

@article{mcneely_sinking_1992,
  title = {The Sinking Ark: Pollution and the Worldwide Loss of Biodiversity},
  shorttitle = {The Sinking Ark},
  author = {McNeely, Jeffrey A.},
  year = {1992},
  month = mar,
  journal = {Biodiversity and Conservation},
  volume = {1},
  number = {1},
  pages = {2--18},
  issn = {0960-3115, 1572-9710},
  doi = {10.1007/BF00700247},
  language = {en},
  file = {/Users/simon/Zotero/storage/CVNENAXE/McNeely - 1992 - The sinking ark pollution and the worldwide loss .pdf}
}

@article{meinshausen_emulating_2011,
  title = {Emulating Coupled Atmosphere-Ocean and Carbon Cycle Models with a Simpler Model, {{MAGICC6}} \textendash{} {{Part}} 1: {{Model}} Description and Calibration},
  shorttitle = {Emulating Coupled Atmosphere-Ocean and Carbon Cycle Models with a Simpler Model, {{MAGICC6}} \textendash{} {{Part}} 1},
  author = {Meinshausen, M. and Raper, S. C. B. and Wigley, T. M. L.},
  year = {2011},
  month = feb,
  journal = {Atmospheric Chemistry and Physics},
  volume = {11},
  number = {4},
  pages = {1417--1456},
  issn = {1680-7324},
  doi = {10.5194/acp-11-1417-2011},
  language = {en},
  file = {/Users/simon/Zotero/storage/DAQY6N5W/Meinshausen et al. - 2011 - Emulating coupled atmosphere-ocean and carbon cycl.pdf}
}

@article{meiyappan_spatial_2014,
  ids = {meiyappan_spatial_2014-1},
  title = {Spatial Modeling of Agricultural Land Use Change at Global Scale},
  author = {Meiyappan, Prasanth and Dalton, Michael and O'Neill, Brian C. and Jain, Atul K.},
  year = {2014},
  journal = {Ecological Modelling},
  volume = {291},
  pages = {152--174},
  issn = {0304-3800},
  doi = {10.1016/j.ecolmodel.2014.07.027},
  keywords = {Drivers,Integrated assessment,Land change,Prediction,Spatially explicit,Validation},
  file = {/Users/simon/Zotero/storage/SJHLRC76/Meiyappan et al. - 2014 - Spatial modeling of agricultural land use change a.pdf}
}

@article{mooney_evolutionary_2001,
  title = {The Evolutionary Impact of Invasive Species},
  author = {Mooney, H. A. and Cleland, E. E.},
  year = {2001},
  month = may,
  journal = {Proceedings of the National Academy of Sciences},
  volume = {98},
  number = {10},
  pages = {5446--5451},
  issn = {0027-8424, 1091-6490},
  doi = {10.1073/pnas.091093398},
  language = {en},
  file = {/Users/simon/Zotero/storage/86IN529R/Mooney and Cleland - 2001 - The evolutionary impact of invasive species.pdf}
}

@article{moran-ordonez_evaluating_2016,
  title = {Evaluating 318 Continental-Scale Species Distribution Models over a 60-Year Prediction Horizon: What Factors Influence the Reliability of Predictions?},
  author = {{Mor{\'a}n-Ord{\'o}{\~n}ez}, Alejandra and {Lahoz-Monfort}, Jos{\'e} J. and Elith, Jane and Wintle, Brendan A.},
  year = {2017},
  journal = {Global Ecology and Biogeography},
  volume = {26},
  number = {3},
  pages = {371--384},
  keywords = {auc,data,geographical range,maxent,predictions into the future,presence-only,rarity,sample size,species distribution models,species traits,temporal},
  file = {/Users/simon/OneDrive - The University of Melbourne/Zotero library/M/Morán-Ordóñez et al_2016_Evaluating 318 continental-scale species distribution models over a 60-year.pdf;/Users/simon/Zotero/storage/E53J9HR2/Morán-Ordóñez et al_2016_Evaluating 318 continental-scale species distribution models over a 60-year.pdf}
}

@article{mouchet_testing_2015,
  title = {Testing the {{Effectiveness}} of {{Environmental Variables}} to {{Explain European Terrestrial Vertebrate Species Richness}} across {{Biogeographical Scales}}},
  author = {Mouchet, Maud and Levers, Christian and Zupan, Laure and Kuemmerle, Tobias and Plutzar, Christoph and Erb, Karlheinz and Lavorel, Sandra and Thuiller, Wilfried and Haberl, Helmut},
  editor = {Machado, Ricardo Bomfim},
  year = {2015},
  month = jul,
  journal = {PLOS ONE},
  volume = {10},
  number = {7},
  pages = {e0131924},
  issn = {1932-6203},
  doi = {10.1371/journal.pone.0131924},
  language = {en},
  file = {/Users/simon/Zotero/storage/RQCWXJCB/Mouchet et al_2015_Testing the Effectiveness of Environmental Variables to Explain European.pdf}
}

@article{moulds_open_2015,
  title = {An Open and Extensible Framework for Spatially Explicit Land Use Change Modelling: {{The}} Lulcc {{R}} Package},
  author = {Moulds, S. and Buytaert, W. and Mijic, A.},
  year = {2015},
  journal = {Geoscientific Model Development},
  volume = {8},
  number = {10},
  pages = {3215--3229},
  doi = {10.5194/gmd-8-3215-2015},
  file = {/Users/simon/Zotero/storage/ENVXC88P/Moulds et al_2015_An open and extensible framework for spatially explicit land use change.pdf}
}

@article{mustafa_modelling_2018,
  ids = {mustafa_modelling_2018-1},
  title = {Modelling Built-up Expansion and Densification with Multinomial Logistic Regression, Cellular Automata and Genetic Algorithm},
  author = {Mustafa, Ahmed and Heppenstall, Alison and Omrani, Hichem and Saadi, Isma{\"i}l and Cools, Mario and Teller, Jacques},
  year = {2018},
  month = jan,
  journal = {Computers, Environment and Urban Systems},
  volume = {67},
  pages = {147--156},
  issn = {01989715},
  doi = {10.1016/j.compenvurbsys.2017.09.009},
  language = {en},
  file = {/Users/simon/Zotero/storage/3T2485YS/Mustafa et al_2018_Modelling built-up expansion and densification with multinomial logistic.pdf;/Users/simon/Zotero/storage/HT7AV5QG/Mustafa et al. - 2018 - Modelling built-up expansion and densification wit.pdf}
}

@article{nasa_shuttle_2013,
  title = {Shuttle Radar Topography Mission Produces a Wealth of Data},
  author = {Farr, Tom G. and Kobrick, Mike},
  year = {2000},
  journal = {Eos, Transactions American Geophysical Union},
  volume = {81},
  number = {48},
  pages = {583},
  issn = {0096-3941},
  doi = {10.1029/EO081i048p00583},
  language = {en},
  file = {/Users/simon/Zotero/storage/2M5WSY7K/Farr and Kobrick - 2000 - Shuttle radar topography mission produces a wealth.pdf}
}

@article{nepstad_slowing_2014,
  title = {Slowing {{Amazon}} Deforestation through Public Policy and Interventions in Beef and Soy Supply Chains},
  author = {Nepstad, D. and McGrath, D. and Stickler, C. and Alencar, A. and Azevedo, A. and Swette, B. and Bezerra, T. and DiGiano, M. and Shimada, J. and {Seroa da Motta}, R. and Armijo, E. and Castello, L. and Brando, P. and Hansen, M. C. and {McGrath-Horn}, M. and Carvalho, O. and Hess, L.},
  year = {2014},
  month = jun,
  journal = {Science},
  volume = {344},
  number = {6188},
  pages = {1118--1123},
  issn = {0036-8075, 1095-9203},
  doi = {10.1126/science.1248525},
  language = {en},
  file = {/Users/simon/Zotero/storage/H2XY9PMF/Nepstad et al. - 2014 - Slowing Amazon deforestation through public policy.pdf}
}

@article{newbold_future_2018,
  title = {Future Effects of Climate and Land-Use Change on Terrestrial Vertebrate Community Diversity under Different Scenarios},
  author = {Newbold, Tim},
  year = {2018},
  month = jun,
  journal = {Proceedings of the Royal Society B: Biological Sciences},
  volume = {285},
  number = {1881},
  pages = {20180792},
  issn = {0962-8452, 1471-2954},
  doi = {10.1098/rspb.2018.0792},
  language = {en},
  file = {/Users/simon/Zotero/storage/MKQW52FM/Newbold_2018_Future effects of climate and land-use change on terrestrial vertebrate.pdf}
}

@article{newbold_global_2015,
  title = {Global Effects of Land Use on Local Terrestrial Biodiversity},
  author = {Newbold, Tim and Hudson, Laurence N and Hill, Samantha Ll and Contu, Sar and Lysenko, Igor and a Senior, Rebecca and B{\"o}rger, Luca and Bennett, Dominic J and Choimes, Argyrios and Collen, Ben and Day, Julie and De Palma, Adriana and D{\i}{\'a}z, Sandra and {Echeverria-Londo{\~n}o}, Susy and Edgar, Melanie J and Feldman, Anat and Garon, Morgan and Harrison, Michelle L K and Alhusseini, Tamera and Ingram, Daniel J and Itescu, Yuval and Kattge, Jens and Kemp, Victoria and Kirkpatrick, Lucinda and Kleyer, Michael and Laginha Pinto Correia, David and Martin, Callum D and Meiri, Shai and Novosolov, Maria and Pan, Yuan and Phillips, Helen R P and Purves, Drew W and Robinson, Alexandra and Simpson, Jake and Tuck, Sean L and Weiher, Evan and White, Hannah J and Ewers, Robert M and Mace, Georgina M and Scharlemann, J{\"o}rn Pw and Purvis, Andy},
  year = {2015},
  journal = {Nature},
  volume = {520},
  number = {7545},
  pages = {45--50},
  issn = {0028-0836},
  doi = {10.1038/nature14324},
  file = {/Users/simon/Zotero/storage/Z2DYF6PA/Newbold et al_2015_Global effects of land use on local terrestrial biodiversity.pdf}
}

@article{newbold_global_2016,
  title = {Global Patterns of Terrestrial Assemblage Turnover within and among Land Uses},
  author = {Newbold, Tim and Hudson, Lawrence N. and Hill, Samantha L. L. and Contu, Sara and Gray, Claudia L. and Scharlemann, J{\"o}rn P. W. and B{\"o}rger, Luca and Phillips, Helen R. P. and Sheil, Douglas and Lysenko, Igor and Purvis, Andy},
  year = {2016},
  month = dec,
  journal = {Ecography},
  volume = {39},
  number = {12},
  pages = {1151--1163},
  issn = {09067590},
  doi = {10.1111/ecog.01932},
  language = {en},
  file = {/Users/simon/Zotero/storage/9PMHD5PB/Newbold et al. - 2016 - Global patterns of terrestrial assemblage turnover.pdf}
}

@article{newbold_has_2016,
  title = {Has Land Use Pushed Terrestrial Biodiversity beyond the Planetary Boundary? {{A}} Global Assessment},
  author = {Newbold, Tim and Hudson, Lawrence N and Arnell, Andrew P and Contu, Sara and De Palma, Adriana and Ferrier, Simon and Hill, Samantha L L and Hoskins, Andrew J and Lysenko, Igor and Phillips, Helen R P and Burton, Victoria J and Chng, Charlotte W T and Emerson, Susan and Gao, Di and {Pask-Hale}, Gwilym and Hutton, Jon and Jung, Martin and {Sanchez-Ortiz}, Katia and Simmons, Benno I and Whitmee, Sarah and Zhang, Hanbin and Scharlemann, J{\"o}rn P W and Purvis, Andy},
  year = {2016},
  journal = {Science},
  volume = {353},
  number = {6296},
  pages = {288--291},
  issn = {9788578110796},
  doi = {10.1126/science.aaf2201},
  file = {/Users/simon/Zotero/storage/IX6VC7FN/Newbold et al. - 2016 - Has land use pushed terrestrial biodiversity beyon.pdf;/Users/simon/Zotero/storage/THGILQIP/Newbold et al_2016_Has land use pushed terrestrial biodiversity beyond the planetary boundary.pdf}
}

@article{newbold_reply_2019,
  title = {Reply to `{{The}} Biodiversity Intactness Index May Underestimate Losses'},
  author = {Newbold, Tim and {Sanchez-Ortiz}, Katia and De Palma, Adriana and Hill, Samantha L. L. and Purvis, Andy},
  year = {2019},
  month = jun,
  journal = {Nature Ecology \& Evolution},
  volume = {3},
  number = {6},
  pages = {864--865},
  issn = {2397-334X},
  doi = {10.1038/s41559-019-0896-0},
  language = {en},
  file = {/Users/simon/Zotero/storage/SKRUMEEB/Newbold et al. - 2019 - Reply to ‘The biodiversity intactness index may un.pdf}
}

@article{newbold_tropical_2020,
  title = {Tropical and {{Mediterranean}} Biodiversity Is Disproportionately Sensitive to Land-Use and Climate Change},
  author = {Newbold, Tim and Oppenheimer, Philippa and Etard, Adrienne and Williams, Jessica J.},
  year = {2020},
  month = dec,
  journal = {Nature Ecology \& Evolution},
  volume = {4},
  number = {12},
  pages = {1630--1638},
  issn = {2397-334X},
  doi = {10.1038/s41559-020-01303-0},
  language = {en},
  file = {/Users/simon/Zotero/storage/G8MIY7DB/Newbold et al. - 2020 - Tropical and Mediterranean biodiversity is disprop.pdf}
}

@article{newbold_trouble_2019,
  title = {The Trouble with Trade},
  author = {Newbold, Tim},
  year = {2019},
  journal = {Nature Ecology \& Evolution},
  volume = {3},
  number = {4},
  pages = {522--523},
  issn = {2397-334X},
  doi = {10.1038/s41559-019-0816-3},
  language = {en},
  file = {/Users/simon/Zotero/storage/853A3XZN/Newbold_2019_The trouble with trade.pdf}
}

@article{newbold2019climate,
  title = {Climate and Land-Use Change Homogenise Terrestrial Biodiversity, with Consequences for Ecosystem Functioning and Human Well-Being},
  author = {Newbold, Tim and Adams, Georgina L and Albaladejo Robles, Gonzalo and Boakes, Elizabeth H and Braga Ferreira, Guilherme and Chapman, Abbie SA and Etard, Adrienne and Gibb, Rory and Millard, Joseph and Outhwaite, Charlotte L and others},
  year = {2019},
  journal = {Emerging Topics in Life Sciences},
  volume = {3},
  number = {2},
  pages = {207--219},
  publisher = {{Portland Press Ltd.}},
  file = {/Users/simon/Zotero/storage/LQMXRYXC/Newbold et al_2019_Climate and land-use change homogenise terrestrial biodiversity, with.pdf}
}

@article{noszczyk_review_2019,
  title = {A Review of Approaches to Land Use Changes Modeling},
  author = {Noszczyk, Tomasz},
  year = {2019},
  month = aug,
  journal = {Human and Ecological Risk Assessment: An International Journal},
  volume = {25},
  number = {6},
  pages = {1377--1405},
  issn = {1080-7039, 1549-7860},
  doi = {10.1080/10807039.2018.1468994},
  language = {en},
  file = {/Users/simon/Zotero/storage/VCD4UJJD/Noszczyk_2019_A review of approaches to land use changes modeling.pdf}
}

@article{oliver_interactions_2014,
  title = {Interactions between Climate Change and Land Use Change on~Biodiversity: {{Attribution}} Problems, Risks, and Opportunities},
  author = {Oliver, Tom H. and Morecroft, Mike D.},
  year = {2014},
  journal = {Wiley Interdisciplinary Reviews: Climate Change},
  volume = {5},
  number = {3},
  pages = {317--335},
  issn = {1757-7799},
  doi = {10.1002/wcc.271},
  file = {/Users/simon/OneDrive - The University of Melbourne/Zotero library/O/Oliver_Morecroft_2014_Interactions between climate change and land use change on biodiversity2.pdf}
}

@article{olson2001terrestrial,
  title = {Terrestrial {{Ecoregions}} of the {{World}}: {{A New Map}} of {{Life}} on {{EarthA}} New Global Map of Terrestrial Ecoregions Provides an Innovative Tool for Conserving Biodiversity},
  author = {Olson, David M and Dinerstein, Eric and Wikramanayake, Eric D and Burgess, Neil D and Powell, George VN and Underwood, Emma C and D'amico, Jennifer A and Itoua, Illanga and Strand, Holly E and Morrison, John C and others},
  year = {2001},
  journal = {BioScience},
  volume = {51},
  number = {11},
  pages = {933--938},
  publisher = {{Oxford University Press}}
}

@article{omrani_integrating_2017,
  title = {Integrating the Multi-Label Land-Use Concept and Cellular Automata with the Artificial Neural Network-Based {{Land Transformation Model}}: An Integrated {{ML}}-{{CA}}-{{LTM}} Modeling Framework},
  shorttitle = {Integrating the Multi-Label Land-Use Concept and Cellular Automata with the Artificial Neural Network-Based {{Land Transformation Model}}},
  author = {Omrani, Hichem and Tayyebi, Amin and Pijanowski, Bryan},
  year = {2017},
  month = may,
  journal = {GIScience \& Remote Sensing},
  volume = {54},
  number = {3},
  pages = {283--304},
  issn = {1548-1603, 1943-7226},
  doi = {10.1080/15481603.2016.1265706},
  language = {en},
  file = {/Users/simon/Zotero/storage/P4AWNW2Q/Omrani et al. - 2017 - Integrating the multi-label land-use concept and c.pdf}
}

@article{oneill_mapping_2011,
  title = {Mapping the Road Ahead},
  author = {O'Neill, Brian C. and Schweizer, Vanessa},
  year = {2011},
  month = oct,
  journal = {Nature Climate Change},
  volume = {1},
  number = {7},
  pages = {352--353},
  issn = {1758-678X, 1758-6798},
  doi = {10.1038/nclimate1241},
  language = {en},
  file = {/Users/simon/Zotero/storage/FKSQ2RFH/O'Neill and Schweizer - 2011 - Mapping the road ahead.pdf}
}

@article{oneill_new_2014,
  title = {A New Scenario Framework for Climate Change Research: {{The}} Concept of Shared Socioeconomic Pathways},
  author = {O'Neill, Brian C. and Kriegler, Elmar and Riahi, Keywan and Ebi, Kristie L. and Hallegatte, Stephane and Carter, Timothy R. and Mathur, Ritu and {van Vuuren}, Detlef P.},
  year = {2014},
  journal = {Climatic Change},
  volume = {122},
  number = {3},
  pages = {387--400},
  issn = {1553-7250},
  doi = {10.1007/s10584-013-0905-2},
  file = {/Users/simon/Zotero/storage/L2VRNPS8/O'Neill et al_2014_A new scenario framework for climate change research.pdf}
}

@article{oneill_roads_2017,
  title = {The Roads Ahead: {{Narratives}} for Shared Socioeconomic Pathways Describing World Futures in the 21st Century},
  author = {O'Neill, Brian C. and Kriegler, Elmar and Ebi, Kristie L. and {Kemp-Benedict}, Eric and Riahi, Keywan and Rothman, Dale S. and {van Ruijven}, Bas J. and {van Vuuren}, Detlef P. and Birkmann, Joern and Kok, Kasper and Levy, Marc and Solecki, William},
  year = {2017},
  journal = {Global Environmental Change},
  volume = {42},
  pages = {169--180},
  issn = {0959-3780},
  doi = {10.1016/j.gloenvcha.2015.01.004},
  keywords = {Adaptation,Climate change,Mitigation,Narratives,Scenarios,Shared socioeconomic pathways},
  file = {/Users/simon/Zotero/storage/CBIJWS6F/O'Neill et al_2017_The roads ahead.pdf}
}

@article{open_science_collaboration_estimating_2015,
  title = {Estimating the Reproducibility of Psychological Science},
  author = {{Open Science Collaboration}},
  year = {2015},
  journal = {Science},
  volume = {349},
  number = {6251},
  pages = {1--8},
  issn = {0036-8075, 1095-9203},
  doi = {10.1126/science.aac4716},
  language = {en},
  file = {/Users/simon/Zotero/storage/5W59DV7S/Open Science Collaboration - 2015 - Estimating the reproducibility of psychological sc.pdf}
}

@article{overmars_comparison_2007,
  title = {Comparison of a Deductive and an Inductive Approach to Specify Land Suitability in a Spatially Explicit Land Use Model},
  author = {Overmars, Koen P. and Verburg, Peter H. and Veldkamp, Tom (A.)},
  year = {2007},
  month = jul,
  journal = {Land Use Policy},
  volume = {24},
  number = {3},
  pages = {584--599},
  issn = {02648377},
  doi = {10.1016/j.landusepol.2005.09.008},
  language = {en},
  file = {/Users/simon/Zotero/storage/3V8K8Y3K/Overmars et al_2007_Comparison of a deductive and an inductive approach to specify land suitability.pdf}
}

@article{pearson_biodiversity_2020,
  title = {Biodiversity in the {{Anthropocene}}},
  author = {Pearson, David L.},
  year = {2020},
  month = feb,
  journal = {Journal of Insect Conservation},
  volume = {24},
  number = {1},
  pages = {1--3},
  issn = {1366-638X, 1572-9753},
  doi = {10.1007/s10841-020-00217-3},
  language = {en},
  file = {/Users/simon/Zotero/storage/YX7S3NDL/Pearson - 2020 - Biodiversity in the Anthropocene.pdf}
}

@misc{pearson_solving_1991,
  title = {Solving Nonlinear Economic Models Accurately via a Linear Representation, {{Working}} Paper {{No}}. {{IP}}-55. {{Victoria University}}, {{Centre}} of {{Policy Studies}}},
  author = {Pearson, K. R.},
  year = {1991}
}

@article{pereira_essential_2013,
  title = {Essential {{Biodiversity Variables}}},
  author = {Pereira, H. M. and Ferrier, S. and Walters, M. and Geller, G. N. and Jongman, R. H. G. and Scholes, R. J. and Bruford, M. W. and Brummitt, N. and Butchart, S. H. M. and Cardoso, A. C. and Coops, N. C. and Dulloo, E. and Faith, D. P. and Freyhof, J. and Gregory, R. D. and Heip, C. and Hoft, R. and Hurtt, G. and Jetz, W. and Karp, D. S. and McGeoch, M. A. and Obura, D. and Onoda, Y. and Pettorelli, N. and Reyers, B. and Sayre, R. and Scharlemann, J. P. W. and Stuart, S. N. and Turak, E. and Walpole, M. and Wegmann, M.},
  year = {2013},
  month = jan,
  journal = {Science},
  volume = {339},
  number = {6117},
  pages = {277--278},
  issn = {0036-8075, 1095-9203},
  doi = {10.1126/science.1229931},
  language = {en},
  file = {/Users/simon/Zotero/storage/926UZTKF/Pereira et al_2013_Essential Biodiversity Variables.pdf;/Users/simon/Zotero/storage/A94QS2J5/Pereira et al. - 2013 - Essential Biodiversity Variables.pdf}
}

@article{perez-vega_comparing_2012,
  title = {Comparing Two Approaches to Land Use/Cover Change Modeling and Their Implications for the Assessment of Biodiversity Loss in a Deciduous Tropical Forest},
  author = {{P{\'e}rez-Vega}, Azucena},
  year = {2012},
  journal = {Environmental Modelling and Software},
  volume = {29},
  number = {1},
  pages = {11--23},
  language = {en},
  file = {/Users/simon/Zotero/storage/AK4DPRQP/Pérez-Vega - 2012 - Comparing two approaches to land usecover change .pdf}
}

@misc{phillips_internet_nodate,
  title = {[{{Internet}}] {{Maxent}} Software for Modeling Species Niches and Distributions ({{Version}} 3.3.3k). {{http://biodiversityinformatics.amnh.org/open\_source/maxent/}}},
  author = {Phillips, Steven J. and Dud{\i}k, Miroslav and Schapire, Robert E},
  year = {2018}
}

@article{phillips_sample_2009,
  title = {Sample Selection Bias and Presence-Only Distribution Models: {{Implications}} for Background and Pseudo-Absence Data},
  author = {Phillips, Steven J. and Dud{\'i}k, Miroslav and Elith, Jane and Graham, Catherine H. and Lehmann, Anthony and Leathwick, John and Ferrier, Simon},
  year = {2009},
  journal = {Ecological Applications},
  volume = {19},
  number = {1},
  pages = {181--197},
  issn = {1051-0761},
  doi = {10.1890/07-2153.1},
  keywords = {Background data,Niche modeling,Presence-only distribution models,Pseudo-absence,Sample selection bias,Species distribution modeling,Target group},
  file = {/Users/simon/OneDrive - The University of Melbourne/Zotero library/P/Phillips et al_2009_Sample selection bias and presence-only distribution models.pdf;/Users/simon/Zotero/storage/UK6FBW35/Phillips et al_2009_Sample selection bias and presence-only distribution models.pdf}
}

@article{pijanowski_using_2002,
  title = {Using Neural Networks and {{GIS}} to Forecast Land Use Changes: A {{Land Transformation Model}}},
  shorttitle = {Using Neural Networks and {{GIS}} to Forecast Land Use Changes},
  author = {Pijanowski, Bryan C and Brown, Daniel G and Shellito, Bradley A and Manik, Gaurav A},
  year = {2002},
  month = nov,
  journal = {Computers, Environment and Urban Systems},
  volume = {26},
  number = {6},
  pages = {553--575},
  issn = {01989715},
  doi = {10.1016/S0198-9715(01)00015-1},
  language = {en},
  file = {/Users/simon/Zotero/storage/F7TEFP7P/Pijanowski et al. - 2002 - Using neural networks and GIS to forecast land use.pdf}
}

@article{plutzar_changes_2016,
  title = {Changes in the Spatial Patterns of Human Appropriation of Net Primary Production ({{HANPP}}) in {{Europe}} 1990\textendash 2006},
  author = {Plutzar, Christoph and Kroisleitner, Christine and Haberl, Helmut and Fetzel, Tamara and Bulgheroni, Claudia and Beringer, Tim and Hostert, Patrick and Kastner, Thomas and Kuemmerle, Tobias and Lauk, Christian and Levers, Christian and Lindner, Marcus and Moser, Dietmar and M{\"u}ller, Daniel and Niedertscheider, Maria and Paracchini, Maria Luisa and Schaphoff, Sibyll and Verburg, Peter H. and Verkerk, Pieter J. and Erb, Karl-Heinz},
  year = {2016},
  month = jun,
  journal = {Regional Environmental Change},
  volume = {16},
  number = {5},
  pages = {1225--1238},
  issn = {1436-3798, 1436-378X},
  doi = {10.1007/s10113-015-0820-3},
  language = {en},
  file = {/Users/simon/Zotero/storage/NV2Y696V/Plutzar et al_2016_Changes in the spatial patterns of human appropriation of net primary.pdf}
}

@article{pollock_understanding_2014,
  title = {Understanding Co-Occurrence by Modelling Species Simultaneously with a {{Joint Species Distribution Model}} ({{JSDM}})},
  author = {Pollock, Laura J. and Tingley, Reid and Morris, William K. and Golding, Nick and O'Hara, Robert B. and Parris, Kirsten M. and Vesk, Peter A. and Mccarthy, Michael A.},
  year = {2014},
  journal = {Methods in Ecology and Evolution},
  volume = {5},
  number = {5},
  pages = {397--406},
  issn = {2041210X},
  doi = {10.1111/2041-210X.12180},
  keywords = {Amphibians,Biotic interactions,Community assembly,Correlated residuals,Eucalyptus,Frogs,Species covariance},
  file = {/Users/simon/Zotero/storage/B6XZVKRD/Pollock et al_2014_Understanding co-occurrence by modelling species simultaneously with a Joint.pdf;/Users/simon/Zotero/storage/ZZYTBXJH/Pollock et al_2014_Understanding co-occurrence by modelling species simultaneously with a Joint.pdf}
}

@article{pontius_comparison_2011,
  title = {Comparison of {{Three Maps}} at {{Multiple Resolutions}}: {{A Case Study}} of {{Land Change Simulation}} in {{Cho Don District}}, {{Vietnam}}},
  shorttitle = {Comparison of {{Three Maps}} at {{Multiple Resolutions}}},
  author = {Pontius, Robert Gilmore and Peethambaram, Smitha and Castella, Jean-Christophe},
  year = {2011},
  month = jan,
  journal = {Annals of the Association of American Geographers},
  volume = {101},
  number = {1},
  pages = {45--62},
  issn = {0004-5608, 1467-8306},
  doi = {10.1080/00045608.2010.517742},
  language = {en},
  file = {/Users/simon/Zotero/storage/STZI5TJQ/Pontius et al. - 2011 - Comparison of Three Maps at Multiple Resolutions .pdf}
}

@article{pontius_death_2011,
  title = {Death to {{Kappa}}: Birth of Quantity Disagreement and Allocation Disagreement for Accuracy Assessment},
  shorttitle = {Death to {{Kappa}}},
  author = {Pontius, Robert Gilmore and Millones, Marco},
  year = {2011},
  month = aug,
  journal = {International Journal of Remote Sensing},
  volume = {32},
  number = {15},
  pages = {4407--4429},
  issn = {0143-1161, 1366-5901},
  doi = {10.1080/01431161.2011.552923},
  language = {en},
  file = {/Users/simon/Zotero/storage/VU9UPUCN/Pontius and Millones - 2011 - Death to Kappa birth of quantity disagreement and.pdf}
}

@article{pontius_quantity_2014,
  title = {Quantity, Exchange, and Shift Components of Difference in a Square Contingency Table},
  author = {Pontius, Robert Gilmore and Santacruz, Al{\'i}},
  year = {2014},
  month = nov,
  journal = {International Journal of Remote Sensing},
  volume = {35},
  number = {21},
  pages = {7543--7554},
  issn = {0143-1161, 1366-5901},
  doi = {10.1080/2150704X.2014.969814},
  language = {en},
  file = {/Users/simon/Zotero/storage/S7AEGID6/Pontius and Santacruz - 2014 - Quantity, exchange, and shift components of differ.pdf}
}

@article{powers_global_2019,
  title = {Global Habitat Loss and Extinction Risk of Terrestrial Vertebrates under Future Land-Use-Change Scenarios},
  author = {Powers, Ryan P. and Jetz, Walter},
  year = {2019},
  month = mar,
  journal = {Nature Climate Change},
  volume = {9},
  pages = {323--329},
  issn = {1758-678X, 1758-6798},
  doi = {10.1038/s41558-019-0406-z},
  language = {en},
  file = {/Users/simon/Zotero/storage/3C5NLQVR/Powers_Jetz_2019_Global habitat loss and extinction risk of terrestrial vertebrates under future.pdf}
}

@misc{prussmann_vulnerability_2016,
  title = {Vulnerability and Climate Risk Analysis of the {{Amazon}} Biome and Its Protected Areas. {{Amazon Vision}}, {{REDPARQUES}}, {{WWF}}, {{UICN}}, {{FAO}}, {{PNUMA}}},
  author = {Pr{\"u}ssmann, J. and Su{\'a}rez, C. and Guevara, O. and Vergara, A.},
  year = {2016},
  publisher = {{Amazon Vision, REDPARQUES, WWF, UICN, FAO, PNUMA}},
  file = {/Users/simon/Zotero/storage/UJREQZHQ/2016-092-En.pdf}
}

@misc{r_development_core_team_r_2008,
  ids = {r_development_core_team_r_2008-1},
  title = {R: {{A}} Language and Environment for Statistical Computing},
  author = {{R Development Core Team}},
  year = {2008},
  address = {{Vienna, Austria}},
  howpublished = {Foundation for Statistical Computing},
  keywords = {\#nosource}
}

@article{riahi_rcp_2011,
  ids = {riahi_rcp_2011-1},
  title = {{{RCP}} 8.5-{{A}} Scenario of Comparatively High Greenhouse Gas Emissions},
  author = {Riahi, Keywan and Rao, Shilpa and Krey, Volker and Cho, Cheolhung and Chirkov, Vadim and Fischer, Guenther and Kindermann, Georg and Nakicenovic, Nebojsa and Rafaj, Peter},
  year = {2011},
  journal = {Climatic Change},
  volume = {109},
  number = {1},
  pages = {33--57},
  issn = {0165-0009},
  doi = {10.1007/s10584-011-0149-y},
  file = {/Users/simon/Zotero/storage/2ZZALGUY/Riahi et al. - 2011 - RCP 8.5—A scenario of comparatively high greenhous.pdf;/Users/simon/Zotero/storage/RHDV9T6N/Riahi et al_2011_RCP 8.pdf}
}

@article{riahi_scenarios_2007,
  title = {Scenarios of Long-Term Socio-Economic and Environmental Development under Climate Stabilization},
  author = {Riahi, Keywan and Gr{\"u}bler, Arnulf and Nakicenovic, Nebojsa},
  year = {2007},
  month = sep,
  journal = {Technological Forecasting and Social Change},
  volume = {74},
  number = {7},
  pages = {887--935},
  issn = {00401625},
  doi = {10.1016/j.techfore.2006.05.026},
  language = {en},
  file = {/Users/simon/Zotero/storage/5VP9NBQY/Riahi et al. - 2007 - Scenarios of long-term socio-economic and environm.pdf}
}

@article{riahi_shared_2017,
  title = {The {{Shared Socioeconomic Pathways}} and Their Energy, Land Use, and Greenhouse Gas Emissions Implications: {{An}} Overview},
  author = {Riahi, Keywan and {van Vuuren}, Detlef P. and Kriegler, Elmar and Edmonds, Jae and O'Neill, Brian C. and Fujimori, Shinichiro and Bauer, Nico and Calvin, Katherine and Dellink, Rob and Fricko, Oliver and Lutz, Wolfgang and Popp, Alexander and Cuaresma, Jesus Crespo and KC, Samir and Leimbach, Marian and Jiang, Leiwen and Kram, Tom and Rao, Shilpa and Emmerling, Johannes and Ebi, Kristie and Hasegawa, Tomoko and Havlik, Petr and Humpen{\"o}der, Florian and Da Silva, Lara Aleluia and Smith, Steve and Stehfest, Elke and Bosetti, Valentina and Eom, Jiyong and Gernaat, David and Masui, Toshihiko and Rogelj, Joeri and Strefler, Jessica and Drouet, Laurent and Krey, Volker and Luderer, Gunnar and Harmsen, Mathijs and Takahashi, Kiyoshi and Baumstark, Lavinia and Doelman, Jonathan C. and Kainuma, Mikiko and Klimont, Zbigniew and Marangoni, Giacomo and {Lotze-Campen}, Hermann and Obersteiner, Michael and Tabeau, Andrzej and Tavoni, Massimo},
  year = {2017},
  journal = {Global Environmental Change},
  volume = {42},
  pages = {153--168},
  issn = {1872-9495},
  doi = {10.1016/j.gloenvcha.2016.05.009},
  keywords = {Adaptation,Climate change,Community scenarios,Mitigation,RCP,Shared Socioeconomic Pathways,SSP},
  file = {/Users/simon/Zotero/storage/R24ZPWH3/Riahi et al_2017_The Shared Socioeconomic Pathways and their energy, land use, and greenhouse.pdf;/Users/simon/Zotero/storage/SPNJDG6H/Riahi et al_2017_The Shared Socioeconomic Pathways and their energy, land use, and greenhouse.pdf}
}

@article{rokityanskiy_geographically_2007,
  title = {Geographically Explicit Global Modeling of Land-Use Change, Carbon Sequestration, and Biomass Supply},
  author = {Rokityanskiy, Dmitry and Ben{\'i}tez, Pablo C. and Kraxner, Florian and McCallum, Ian and Obersteiner, Michael and Rametsteiner, Ewald and Yamagata, Yoshiki},
  year = {2007},
  month = sep,
  journal = {Technological Forecasting and Social Change},
  volume = {74},
  number = {7},
  pages = {1057--1082},
  issn = {00401625},
  doi = {10.1016/j.techfore.2006.05.022},
  language = {en},
  file = {/Users/simon/Zotero/storage/24DR8FTV/Rokityanskiy et al. - 2007 - Geographically explicit global modeling of land-us.pdf}
}

@article{romeromunoz_habitat_2021,
  title = {Habitat Destruction and Overexploitation Drive Widespread Declines in All Facets of Mammalian Diversity in the {{Gran Chaco}}},
  author = {Romero-Mu{\~n}oz, Alfredo and Fandos, Guillermo and Ben{\'i}tez-L{\'o}pez, Ana and Kuemmerle, Tobias},
  year = {2021},
  month = feb,
  journal = {Global Change Biology},
  volume = {27},
  number = {4},
  pages = {755--767},
  issn = {1354-1013, 1365-2486},
  doi = {10.1111/gcb.15418},
  language = {en},
  file = {/Users/simon/Zotero/storage/5DNIAEDH/Romero‐Muñoz et al. - 2021 - Habitat destruction and overexploitation drive wid.pdf}
}

@article{roson_estimation_2016,
  title = {Estimation of {{Climate Change Damage Functions}} for 140 {{Regions}} in the {{GTAP}} 9 {{Database}}},
  author = {Roson, Roberto and Sartori, Martina},
  year = {2016},
  journal = {Journal of Global Economic Analysis},
  volume = {1},
  number = {2},
  pages = {78--115},
  doi = {10.21642/JGEA.010202AF},
  keywords = {Climate change,Climate impacts,Computable general equilibrium,Damage function,Integrated assessment},
  file = {/Users/simon/Zotero/storage/FAYZ6GJ4/Roson_Sartori_2016_Estimation of Climate Change Damage Functions for 140 Regions in the GTAP 9.pdf}
}

@misc{sanchez-ortiz_land-use_2019,
  title = {Land-Use and Related Pressures Have Reduced Biotic Integrity More on Islands than on Mainlands. {{bioRxiv}}: 10.1101/576546},
  author = {{Sanchez-Ortiz}, Katia and Gonzalez, Ricardo E. and De Palma, Adriana and Newbold, Tim and Hill, Samantha L. L. and Tylianakis, Jason M. and B{\"o}rger, Luca and Lysenko, Igor and Purvis, Andy},
  year = {2019},
  language = {en},
  file = {/Users/simon/Zotero/storage/57KNI98Q/Sanchez-Ortiz et al. - 2019 - Land-use and related pressures have reduced biotic.pdf}
}

@misc{scbd_global_2010,
  title = {Global {{Biodiversity Outlook}} 3. {{sCBD}}. {{Montreal}}},
  author = {{sCBD}},
  year = {2010},
  language = {en},
  lccn = {QH75 .G574 2010},
  annotation = {OCLC: ocn636152283},
  file = {/Users/simon/Zotero/storage/HVT797GX/Hirsch and Secretariat of the Convention on Biological Diversity - 2010 - Global biodiversity outlook 3.pdf}
}

@misc{scbd_global_2020,
  title = {Global {{Biodiversity Outlook}} 5. {{sCBD}}. {{Montreal}}},
  author = {{sCBD}},
  year = {2020},
  language = {en},
  lccn = {QH75 .G574 2010},
  annotation = {OCLC: ocn636152283},
  file = {/Users/simon/Zotero/storage/PE9X4FAX/gbo-5-en.pdf}
}

@article{schmitt_ssdm_2017-1,
  title = {{{SSDM}}: {{An R}} Package to Predict Distribution of Species Richness and Composition Based on Stacked Species Distribution Models},
  author = {Schmitt, Sylvain and Pouteau, Robin and Justeau, Dimitri and Boissieu, Florian and Birnbaum, Philippe},
  editor = {Golding, Nick},
  year = {2017},
  month = dec,
  journal = {Methods in Ecology and Evolution},
  volume = {8},
  number = {12},
  pages = {1795--1803},
  issn = {2041-210X, 2041-210X},
  doi = {10.1111/2041-210X.12841},
  language = {en},
  file = {/Users/simon/Zotero/storage/Q9GVN5HB/Schmitt et al. - 2017 - ssdm.pdf}
}

@article{schmitt_ssdm:_2017,
  title = {{{SSDM}}: An {{R}} Package to Predict Distribution of Species Richness and Composition Based on Stacked Species Distribution Models},
  author = {Schmitt, S. and Pouteau, R. and Justeau, D. and Deboissieu, F. and Birnbaum, P.},
  year = {2017},
  journal = {Methods in Ecology and Evolution},
  doi = {10.1111/2041-210X.12841},
  file = {/Users/simon/Zotero/storage/8FG8B4HK/Schmitt et al_2017_SSDM.pdf}
}

@article{scholes_biodiversity_2005,
  ids = {scholes_biodiversity_2005-1},
  title = {A Biodiversity Intactness Index},
  author = {Scholes, R. J. and Biggs, R.},
  year = {2005},
  month = mar,
  journal = {Nature},
  volume = {434},
  number = {7029},
  pages = {45--49},
  issn = {0028-0836, 1476-4687},
  doi = {10.1038/nature03289},
  language = {en},
  file = {/Users/simon/Zotero/storage/6438P4CS/Scholes and Biggs - 2005 - A biodiversity intactness index.pdf;/Users/simon/Zotero/storage/CC949EW7/Scholes and Biggs - 2005 - A biodiversity intactness index.pdf}
}

@article{seddon_biodiversity_2016,
  title = {Biodiversity in the {{Anthropocene}}: Prospects and Policy},
  shorttitle = {Biodiversity in the {{Anthropocene}}},
  author = {Seddon, Nathalie and Mace, Georgina M. and Naeem, Shahid and Tobias, Joseph A. and Pigot, Alex L. and Cavanagh, Rachel and Mouillot, David and Vause, James and Walpole, Matt},
  year = {2016},
  month = dec,
  journal = {Proceedings of the Royal Society B: Biological Sciences},
  volume = {283},
  number = {1844},
  pages = {20162094},
  issn = {0962-8452, 1471-2954},
  doi = {10.1098/rspb.2016.2094},
  language = {en},
  file = {/Users/simon/Zotero/storage/5WWGBLXH/Seddon et al. - 2016 - Biodiversity in the Anthropocene prospects and po.pdf}
}

@article{seo_mapping_2016,
  title = {Mapping {{Fractional Land Use}} and {{Land Cover}} in a {{Monsoon Region}}: {{The Effects}} of {{Data Processing Options}}},
  shorttitle = {Mapping {{Fractional Land Use}} and {{Land Cover}} in a {{Monsoon Region}}},
  author = {Seo, Bumsuk and Bogner, Christina and Koellner, Thomas and Reineking, Bjorn},
  year = {2016},
  month = sep,
  journal = {IEEE Journal of Selected Topics in Applied Earth Observations and Remote Sensing},
  volume = {9},
  number = {9},
  pages = {3941--3956},
  issn = {1939-1404, 2151-1535},
  doi = {10.1109/JSTARS.2016.2544802},
  language = {en},
  file = {/Users/simon/Zotero/storage/9S6U8256/Seo et al. - 2016 - Mapping Fractional Land Use and Land Cover in a Mo.pdf}
}

@article{seto_global_2012,
  title = {Global Forecasts of Urban Expansion to 2030 and Direct Impacts on Biodiversity and Carbon Pools},
  author = {Seto, K. C. and Guneralp, B. and Hutyra, L. R.},
  year = {2012},
  month = oct,
  journal = {Proceedings of the National Academy of Sciences},
  volume = {109},
  number = {40},
  pages = {16083--16088},
  issn = {0027-8424, 1091-6490},
  doi = {10.1073/pnas.1211658109},
  language = {en},
  file = {/Users/simon/Zotero/storage/JANZRHGZ/Seto et al. - 2012 - Global forecasts of urban expansion to 2030 and di.pdf}
}

@article{shafizadeh_moghadam_spatiotemporal_2013,
  title = {Spatiotemporal Urbanization Processes in the Megacity of {{Mumbai}}, {{India}}: {{A Markov}} Chains-Cellular Automata Urban Growth Model},
  shorttitle = {Spatiotemporal Urbanization Processes in the Megacity of {{Mumbai}}, {{India}}},
  author = {Shafizadeh Moghadam, Hossein and Helbich, Marco},
  year = {2013},
  month = jun,
  journal = {Applied Geography},
  volume = {40},
  pages = {140--149},
  issn = {01436228},
  doi = {10.1016/j.apgeog.2013.01.009},
  language = {en},
  file = {/Users/simon/Zotero/storage/7FEPLLUW/Shafizadeh Moghadam and Helbich - 2013 - Spatiotemporal urbanization processes in the megac.pdf}
}

@article{sillero_distribution_2020,
  title = {Distribution Modelling of an Introduced Species: Do Adaptive Genetic Markers Affect Potential Range?},
  shorttitle = {Distribution Modelling of an Introduced Species},
  author = {Sillero, Neftal{\'i} and Huey, Raymond B. and Gilchrist, George and Rissler, Leslie and Pascual, Marta},
  year = {2020},
  month = sep,
  journal = {Proceedings of the Royal Society B: Biological Sciences},
  volume = {287},
  number = {1935},
  pages = {20201791},
  issn = {0962-8452, 1471-2954},
  doi = {10.1098/rspb.2020.1791},
  language = {en},
  file = {/Users/simon/Zotero/storage/397XZGDA/Sillero et al. - 2020 - Distribution modelling of an introduced species d.pdf}
}

@article{sitch_evaluation_2003,
  title = {Evaluation of Ecosystem Dynamics, Plant Geography and Terrestrial Carbon Cycling in the {{LPJ}} Dynamic Global Vegetation Model},
  shorttitle = {Evaluation of Ecosystem Dynamics, Plant Geography and Terrestrial Carbon Cycling in the {{LPJ}} Dynamic Global Vegetation Model},
  author = {Sitch, S. and Smith, B. and Prentice, I. C. and Arneth, A. and Bondeau, A. and Cramer, W. and Kaplan, J. O. and Levis, S. and Lucht, W. and Sykes, M. T. and Thonicke, K. and Venevsky, S.},
  year = {2003},
  month = feb,
  journal = {Global Change Biology},
  volume = {9},
  number = {2},
  pages = {161--185},
  issn = {13541013},
  doi = {10.1046/j.1365-2486.2003.00569.x},
  language = {en},
  file = {/Users/simon/Zotero/storage/X4CLGEAB/Sitch et al. - 2003 - Evaluation of ecosystem dynamics, plant geography .pdf}
}

@misc{soares-filho_modeling_2009,
  title = {Modeling Environmental Dynamics with {{Dinamica EGO}}. {{Instituto}} de {{Geoci\^encias}} - {{Centro}} de {{Sensoriamento Remoto}}. 114-114},
  author = {{Soares-Filho}, Bs and Rodrigues, Ho and Costa, W},
  year = {2009},
  file = {/Users/simon/Zotero/storage/SQS37S6N/Soares-Filho et al_2009_Modeling environmental dynamics with Dinamica EGO.pdf}
}

@article{stephens_consistent_2016,
  title = {Consistent Response of Bird Populations to Climate Change on Two Continents},
  author = {Stephens, P. A. and Mason, L. R. and Green, R. E. and Gregory, R. D. and Sauer, J. R. and Alison, J. and Aunins, A. and Brotons, L. and Butchart, S. H. M. and Campedelli, T. and Chodkiewicz, T. and Chylarecki, P. and Crowe, O. and Elts, J. and Escandell, V. and Foppen, R. P. B. and Heldbjerg, H. and Herrando, S. and Husby, M. and Jiguet, F. and Lehikoinen, A. and Lindstrom, A. and Noble, D. G. and Paquet, J.-Y. and Reif, J. and Sattler, T. and Szep, T. and Teufelbauer, N. and Trautmann, S. and {van Strien}, A. J. and {van Turnhout}, C. A. M. and Vorisek, P. and Willis, S. G.},
  year = {2016},
  month = apr,
  journal = {Science},
  volume = {352},
  number = {6281},
  pages = {84--87},
  issn = {0036-8075, 1095-9203},
  doi = {10.1126/science.aac4858},
  language = {en},
  file = {/Users/simon/Zotero/storage/BNTQXMUX/Stephens et al_2016_Consistent response of bird populations to climate change on two continents.pdf}
}

@misc{steven_maxent_nodate,
  title = {Maxent Software for Modeling Speicces Niches and Distributions ({{Version}} 3.3.3k).},
  author = {Steven, J.P. and Miroslav, D. and Robert, E.S.},
  year = {[Internet]}
}

@article{stolar_accounting_2015,
  title = {Accounting for Spatially Biased Sampling Effort in Presence-Only Species Distribution Modelling},
  author = {Stolar, Jessica and Nielsen, Scott E.},
  year = {2015},
  journal = {Diversity and Distributions},
  volume = {21},
  number = {5},
  pages = {595--608},
  issn = {1472-4642},
  doi = {10.1111/ddi.12279},
  keywords = {Biased sampling effort,Maxent bias file,Presence-only data,Prior sample weight,Species distribution modelling,Virtual species},
  file = {/Users/simon/OneDrive - The University of Melbourne/Zotero library/S/Stolar_Nielsen_2015_Accounting for spatially biased sampling effort in presence-only species.pdf}
}

@article{strengers_land-use_2004,
  title = {The Land-Use Projections and Resulting Emissions in the {{IPCC SRES}} Scenarios as Simulated by the {{IMAGE}} 2.2 Model},
  author = {Strengers, Bart and Leemans, Rik and Eickhout, Bas and De Vries, Bert and Bouwman, Lex},
  year = {2004},
  journal = {GeoJournal},
  volume = {61},
  number = {4},
  pages = {381--393},
  issn = {0343-2521},
  doi = {10.1007/s10708-004-5054-8},
  keywords = {Climate change,IMAGE model,IPCC,Land-use change,Land-use emissions,SRES},
  file = {/Users/simon/Zotero/storage/F5E4KAYL/Strengers et al_2004_The land-use projections and resulting emissions in the IPCC SRES scenarios as.pdf}
}

@article{struebig_anticipated_2015,
  title = {Anticipated Climate and Land-Cover Changes Reveal Refuge Areas for {{Borneo}}'s Orang-Utans},
  author = {Struebig, Matthew J. and Fischer, Manuela and Gaveau, David L. A. and Meijaard, Erik and Wich, Serge A. and Gonner, Catherine and Sykes, Rachel and Wilting, Andreas and {Kramer-Schadt}, Stephanie},
  year = {2015},
  month = aug,
  journal = {Global Change Biology},
  volume = {21},
  number = {8},
  pages = {2891--2904},
  issn = {13541013},
  doi = {10.1111/gcb.12814},
  language = {en},
  file = {/Users/simon/Zotero/storage/3LZDKFIS/Struebig et al_2015_Anticipated climate and land-cover changes reveal refuge areas for Borneo's.pdf}
}

@article{struebig_targeted_2015,
  title = {Targeted {{Conservation}} to {{Safeguard}} a {{Biodiversity Hotspot}} from {{Climate}} and {{Land}}-{{Cover Change}}},
  author = {Struebig, Matthew J. and Wilting, Andreas and Gaveau, David L.A. and Meijaard, Erik and Smith, Robert J. and Fischer, Manuela and Metcalfe, Kristian and {Kramer-Schadt}, Stephanie and Abdullah, Tajuddin and Abram, Nicola and Alfred, Raymond and Ancrenaz, Marc and Augeri, Dave M. and Belant, Jerrold L. and Bernard, Henry and Bezuijen, Mark and Boonman, Arjan and Boonratana, Ramesh and Boorsma, Tjalle and {Breitenmoser-W{\"u}rsten}, Christine and Brodie, Jedediah and Cheyne, Susan M. and Devens, Carolyn and Duckworth, J. Will and Duplaix, Nicole and Eaton, James and Francis, Charles and Fredriksson, Gabriella and Giordano, Anthony J. and Gonner, Catherine and Hall, Jon and Harrison, Mark E. and Hearn, Andrew J. and Heckmann, Ilja and Heydon, Matt and Hofer, Heribert and Hon, Jason and Husson, Simon and Anwarali Khan, Faisal Ali and Kingston, Tigga and Kreb, Danielle and Lammertink, Martjan and Lane, David and Lasmana, Felicia and Liat, Lim Boo and Lim, Norman T-L. and Lindenborn, Jana and Loken, Brent and Macdonald, David W. and Marshall, Andrew J. and Maryanto, Ibnu and Mathai, John and McShea, William J. and Mohamed, Azlan and Nakabayashi, Miyabi and Nakashima, Yoshihiro and Niedballa, J{\"u}rgen and Noerfahmy, Sephy and Persey, Sophie and Peter, Amanda and Pieterse, Sander and Pilgrim, John D. and Pollard, Edward and Purnama, Surya and Rafiastanto, Andjar and Reinfelder, Vanessa and Reusch, Christine and Robson, Craig and Ross, Joanna and Rustam, Rustam and Sadikin, Lili and Samejima, Hiromitsu and Santosa, Eddy and Sapari, Iman and Sasaki, Hiroshi and Scharf, Anne K. and Semiadi, Gono and Shepherd, Chris R. and Sykes, Rachel and {van Berkel}, Tim and Wells, Konstans and Wielstra, Ben and Wong, Anna},
  year = {2015},
  month = feb,
  journal = {Current Biology},
  volume = {25},
  number = {3},
  pages = {372--378},
  issn = {09609822},
  doi = {10.1016/j.cub.2014.11.067},
  language = {en},
  file = {/Users/simon/Zotero/storage/VUAL286E/Struebig et al_2015_Targeted Conservation to Safeguard a Biodiversity Hotspot from Climate and.pdf}
}

@article{sun_modeling_2007,
  title = {Modeling {{Urban Land Use Change}} and {{Urban Sprawl}}: {{Calgary}}, {{Alberta}}, {{Canada}}},
  shorttitle = {Modeling {{Urban Land Use Change}} and {{Urban Sprawl}}},
  author = {Sun, Heng and Forsythe, Wayne and Waters, Nigel},
  year = {2007},
  journal = {Networks and Spatial Economics},
  volume = {7},
  number = {4},
  pages = {353--376},
  issn = {1566-113X, 1572-9427},
  doi = {10.1007/s11067-007-9030-y},
  language = {en},
  file = {/Users/simon/Zotero/storage/5EAR357X/Sun et al. - 2007 - Modeling Urban Land Use Change and Urban Sprawl C.pdf}
}

@article{sun_multinomial_2017,
  title = {A {{Multinomial Regression Approach}} to {{Model Outcome Heterogeneity}}},
  author = {Sun, BaoLuo and {Van der Weele}, Tyler and Tchetgen Tchetgen, Eric J},
  year = {2017},
  month = nov,
  journal = {American Journal of Epidemiology},
  volume = {186},
  number = {9},
  pages = {1097--1103},
  issn = {0002-9262, 1476-6256},
  doi = {10.1093/aje/kwx161},
  language = {en},
  file = {/Users/simon/Zotero/storage/UN7ARSKZ/Sun et al. - 2017 - A Multinomial Regression Approach to Model Outcome.pdf}
}

@article{taylor_overview_2012,
  title = {An {{Overview}} of {{CMIP5}} and the {{Experiment Design}}},
  author = {Taylor, Karl E. and Stouffer, Ronald J. and Meehl, Gerald A.},
  year = {2012},
  month = apr,
  journal = {Bulletin of the American Meteorological Society},
  volume = {93},
  number = {4},
  pages = {485--498},
  issn = {0003-0007, 1520-0477},
  doi = {10.1175/BAMS-D-11-00094.1},
  language = {en},
  file = {/Users/simon/Zotero/storage/338T88WC/Taylor et al_2012_An Overview of CMIP5 and the Experiment Design.pdf}
}

@article{tayyebi_modeling_2014,
  title = {Modeling Multiple Land Use Changes Using {{ANN}}, {{CART}} and {{MARS}}: {{Comparing}} Tradeoffs in Goodness of Fit and Explanatory Power of Data Mining Tools},
  author = {Tayyebi, Amin and Pijanowski, Bryan C.},
  year = {2014},
  journal = {International Journal of Applied Earth Observation and Geoinformation},
  volume = {28},
  number = {1},
  pages = {102--116},
  issn = {0303-2434},
  doi = {10.1016/j.jag.2013.11.008},
  keywords = {Classification and Regression Trees (CART),Classifications (LTM-MC),Land Transformation Model - Multiple,Multiple Classifications (MC),Multivariate Adaptive Regression Splines (MARS)},
  file = {/Users/simon/Zotero/storage/JBN3I9CT/Tayyebi_Pijanowski_2014_Modeling multiple land use changes using ANN, CART and MARS.pdf}
}

@article{thomas_climate_2004,
  title = {Climate Change and Extinction Risk},
  author = {Thomas, C D},
  year = {2004},
  journal = {Nature},
  volume = {430},
  number = {August},
  pages = {25--25},
  issn = {9781402772238},
  doi = {10.1038/nature02720.1},
  file = {/Users/simon/Zotero/storage/3K8IB5C2/Thomas_2004_Climate change and extinction risk.pdf}
}

@article{titeux_biodiversity_2016,
  ids = {titeux_biodiversity_2016-1},
  title = {Biodiversity Scenarios Neglect Future Land-Use Changes},
  author = {Titeux, Nicolas and Henle, Klaus and Mihoub, Jean-Baptiste and Regos, Adri{\'a}n and Geijzendorffer, Ilse R. and Cramer, Wolfgang and Verburg, Peter H. and Brotons, Llu{\'i}s},
  year = {2016},
  month = jul,
  journal = {Global Change Biology},
  volume = {22},
  number = {7},
  pages = {2505--2515},
  issn = {13541013},
  doi = {10.1111/gcb.13272},
  language = {en},
  file = {/Users/simon/Zotero/storage/6TFVQSEU/Titeux et al. - 2016 - Biodiversity scenarios neglect future land-use cha.pdf;/Users/simon/Zotero/storage/KW2YIC66/Titeux et al_2016_Biodiversity scenarios neglect future land-use changes.pdf}
}

@article{titeux_global_2017,
  title = {Global Scenarios for Biodiversity Need to Better Integrate Climate and Land Use Change},
  author = {Titeux, Nicolas and Henle, Klaus and Mihoub, Jean-Baptiste and Regos, Adri{\'a}n and Geijzendorffer, Ilse R. and Cramer, Wolfgang and Verburg, Peter H. and Brotons, Llu{\'i}s},
  editor = {Syphard, Alexandra},
  year = {2017},
  month = nov,
  journal = {Diversity and Distributions},
  volume = {23},
  number = {11},
  pages = {1231--1234},
  issn = {13669516},
  doi = {10.1111/ddi.12624},
  language = {en},
  file = {/Users/simon/Zotero/storage/TDW2K8M7/Titeux et al. - 2017 - Global scenarios for biodiversity need to better i.pdf}
}

@incollection{tol_who_2014,
  title = {Who {{Benefits}} and {{Who Loses}} from {{Climate Change}}?},
  booktitle = {Handbook of {{Climate Change Mitigation}} and {{Adaptation}}},
  author = {Tol, Richard S J},
  editor = {Chen, Wei-Yin and Suzuki, Toshio and Lackner, Maximilian},
  year = {2014},
  pages = {1--12},
  publisher = {{Springer New York}},
  address = {{New York, NY}},
  isbn = {978-1-4614-6431-0},
  keywords = {\#nosource}
}

@article{troia_filling_2016,
  title = {Filling in the {{GAPS}}: Evaluating Completeness and Coverage of Open-access Biodiversity Databases in the {{United States}}},
  shorttitle = {Filling in The},
  author = {Troia, Matthew J. and McManamay, Ryan A.},
  year = {2016},
  month = jul,
  journal = {Ecology and Evolution},
  volume = {6},
  number = {14},
  pages = {4654--4669},
  issn = {2045-7758, 2045-7758},
  doi = {10.1002/ece3.2225},
  language = {en},
  file = {/Users/simon/Zotero/storage/A2UP2UGE/Troia and McManamay - 2016 - Filling in the span style=font-variantsmall-cap.pdf}
}

@techreport{un_general_assembly_transforming_2015,
  type = {Resolution},
  title = {Transforming {{Our World}}: {{The}} 2030 {{Agenda}} for {{Sustainable Development}}},
  shorttitle = {Transforming {{Our World}}},
  author = {{UN General Assembly}},
  year = {2015},
  month = oct,
  file = {/Users/simon/Zotero/storage/4C9WL335/UN General Assembly_2015_Transforming Our World.pdf}
}

@misc{unep_resolution_2019,
  title = {Resolution 73/284: {{United Nations Decade}} on {{Ecosystem Restoration}} (2021\textendash 2030)},
  author = {{UNEP}},
  year = {2019},
  publisher = {{United Nations Environment Agency}},
  file = {/Users/simon/Zotero/storage/AQNM2FKI/ERDStrat.pdf}
}

@article{urban_accelerating_2015,
  title = {Accelerating Extinction Risk from Climate Change},
  author = {Urban, M. C.},
  year = {2015},
  month = may,
  journal = {Science},
  volume = {348},
  number = {6234},
  pages = {571--573},
  issn = {0036-8075, 1095-9203},
  doi = {10.1126/science.aaa4984},
  language = {en},
  file = {/Users/simon/Zotero/storage/YDSU5N7A/Urban_2015_Accelerating extinction risk from climate change.pdf}
}

@article{urban_improving_2016,
  title = {Improving the Forecast for Biodiversity under Climate Change},
  author = {Urban, M. C. and Bocedi, G. and Hendry, A. P. and Mihoub, J.- B. and Peer, G. and Singer, A. and Bridle, J. R. and Crozier, L. G. and De Meester, L. and Godsoe, W. and Gonzalez, A. and Hellmann, J. J. and Holt, R. D. and Huth, A. and Johst, K. and Krug, C. B. and Leadley, P. W. and Palmer, S. C. F. and Pantel, J. H. and Schmitz, A. and Zollner, P. A. and Travis, J. M. J.},
  year = {2016},
  journal = {Science},
  volume = {353},
  number = {6304},
  pages = {1--9},
  issn = {0036-8075, 1095-9203},
  doi = {10.1126/science.aad8466},
  language = {en},
  file = {/Users/simon/Zotero/storage/89LDKFES/Urban et al. - 2016 - Improving the forecast for biodiversity under clim.pdf}
}

@article{valavi_blockcv:_2019,
  title = {{{blockCV}}: {{An}} r Package for Generating Spatially or Environmentally Separated Folds for k-Fold Cross-Validation of Species Distribution Models},
  author = {Valavi, Roozbeh and Elith, Jane and Lahoz-Monfort, Jos{\'e} J. and Guillera-Arroita, Gurutzeta},
  editor = {Warton, David},
  year = {2019},
  month = feb,
  journal = {Methods in Ecology and Evolution},
  volume = {10},
  number = {2},
  pages = {225--232},
  issn = {2041-210X, 2041-210X},
  doi = {10.1111/2041-210X.13107},
  language = {en},
  file = {/Users/simon/Zotero/storage/HKD7HWQA/Valavi et al_2019_span style=font-variant.pdf}
}

@article{van_asselen_land_2012,
  title = {A {{Land System}} Representation for Global Assessments and Land-Use Modeling},
  author = {{van Asselen}, Sanneke and Verburg, Peter H.},
  year = {2012},
  journal = {Global Change Biology},
  volume = {18},
  number = {10},
  pages = {3125--3148},
  issn = {1354-1013},
  doi = {10.1111/j.1365-2486.2012.02759.x},
  keywords = {Global,Human-environment interactions,Land cover,Land system,Land-change models,Spatial determinants},
  file = {/Users/simon/Zotero/storage/J68PECBS/van Asselen_Verburg_2012_A Land System representation for global assessments and land-use modeling.pdf}
}

@article{van_asselen_land_2013,
  title = {Land Cover Change or Land-Use Intensification: {{Simulating}} Land System Change with a Global-Scale Land Change Model},
  author = {Van Asselen, Sanneke and Verburg, Peter H.},
  year = {2013},
  journal = {Global Change Biology},
  volume = {19},
  number = {12},
  pages = {3648--3667},
  issn = {1365-2486 (Electronic)\textbackslash r1354-1013 (Linking)},
  doi = {10.1111/gcb.12331},
  keywords = {Agricultural intensification,Global model,Integrated assessment models,Land change,Land systems,Livestock},
  file = {/Users/simon/Zotero/storage/KKRMMHQP/Van Asselen_Verburg_2013_Land cover change or land-use intensification.pdf}
}

@article{van_ha_building_2017,
  ids = {van_ha_building_2017-1},
  title = {Building a Better Trade Model to Determine Local Effects: {{A}} Regional and Intertemporal {{GTAP}} Model},
  shorttitle = {Building a Better Trade Model to Determine Local Effects},
  author = {Van Ha, Pham and Kompas, Tom and Nguyen, Hoa Thi Minh and Long, Chu Hoang},
  year = {2017},
  month = dec,
  journal = {Economic Modelling},
  volume = {67},
  pages = {102--113},
  issn = {02649993},
  doi = {10.1016/j.econmod.2016.10.015},
  language = {en},
  file = {/Users/simon/Zotero/storage/JMDMDMKK/Van Ha et al_2017_Building a better trade model to determine local effects.pdf;/Users/simon/Zotero/storage/M4AZMDN3/Van Ha et al. - 2017 - Building a better trade model to determine local e.pdf}
}

@article{van_ha_solving_2016,
  ids = {vanhaSolvingIntertemporalCGE2016a},
  title = {Solving Intertemporal {{CGE}} Models in Parallel Using a Singly Bordered Block Diagonal Ordering Technique},
  author = {Van Ha, Pham and Kompas, Tom},
  year = {2016},
  journal = {Economic Modelling},
  volume = {52},
  pages = {3--12},
  doi = {10.1016/j.econmod.2015.07.011},
  keywords = {Intertemporal CGE models,Parallel computing,Singly bordered block diagonal ordering},
  file = {/Users/simon/OneDrive - The University of Melbourne/Zotero library/V/Van Ha_Kompas_2016_Solving intertemporal CGE models in parallel using a singly bordered block2.pdf;/Users/simon/Zotero/storage/68MTMXEV/Van Ha and Kompas - 2016 - Solving intertemporal CGE models in parallel using.pdf;/Users/simon/Zotero/storage/8UMC8S39/Van Ha_Kompas_2016_Solving intertemporal CGE models in parallel using a singly bordered block.pdf;/Users/simon/Zotero/storage/95RX6QIS/Van Ha_Kompas_2016_Solving intertemporal CGE models in parallel using a singly bordered block2.pdf;/Users/simon/Zotero/storage/C2DJLR6F/Van Ha and Kompas - 2016 - Solving intertemporal CGE models in parallel using.pdf;/Users/simon/Zotero/storage/WK3P6NFI/Van Ha and Kompas - 2016 - Solving intertemporal CGE models in parallel using.pdf}
}

@article{van_proosdij_minimum_2016,
  title = {Minimum Required Number of Specimen Records to Develop Accurate Species Distribution Models},
  author = {{van Proosdij}, Andr{\'e} S. J. and Sosef, Marc S. M. and Wieringa, Jan J. and Raes, Niels},
  year = {2016},
  month = jun,
  journal = {Ecography},
  volume = {39},
  number = {6},
  pages = {542--552},
  issn = {09067590},
  doi = {10.1111/ecog.01509},
  language = {en},
  file = {/Users/simon/Zotero/storage/RTRY4SZH/van Proosdij et al_2016_Minimum required number of specimen records to develop accurate species.pdf}
}

@article{van_vliet_measuring_2013,
  title = {Measuring the Neighbourhood Effect to Calibrate Land Use Models},
  author = {{van Vliet}, Jasper and Naus, Nick and {van Lammeren}, Ron J.A. and Bregt, Arnold K. and Hurkens, Jelle and {van Delden}, Hedwig},
  year = {2013},
  month = sep,
  journal = {Computers, Environment and Urban Systems},
  volume = {41},
  pages = {55--64},
  issn = {01989715},
  doi = {10.1016/j.compenvurbsys.2013.03.006},
  language = {en},
  file = {/Users/simon/Zotero/storage/N8ZNR4A9/van Vliet et al_2013_Measuring the neighbourhood effect to calibrate land use models.pdf}
}

@article{van_vuuren_climate_2014,
  title = {Climate and Socio-Economic Scenarios for Climate Change Research and Assessment: {{Reconciling}} the New with the Ol},
  author = {{van Vuuren}, Detlef P. and Carter, Timothy R.},
  year = {2014},
  journal = {Climatic Change},
  volume = {122},
  number = {3},
  pages = {415--429},
  issn = {0165-0009},
  doi = {10.1007/s10584-013-0974-2},
  file = {/Users/simon/Zotero/storage/Z383AVR2/van Vuuren_Carter_2014_Climate and socio-economic scenarios for climate change research and assessment.pdf}
}

@article{van_vuuren_energy_2017,
  title = {Energy, Land-Use and Greenhouse Gas Emissions Trajectories under a Green Growth Paradigm},
  author = {{van Vuuren}, Detlef P. and Stehfest, Elke and Gernaat, David E.H.J. and Doelman, Jonathan C. and {van den Berg}, Maarten and Harmsen, Mathijs and {de Boer}, Harmen Sytze and Bouwman, Lex F. and Daioglou, Vassilis and Edelenbosch, Oreane Y. and Girod, Bastien and Kram, Tom and Lassaletta, Luis and Lucas, Paul L. and {van Meijl}, Hans and M{\"u}ller, Christoph and {van Ruijven}, Bas J. and {van der Sluis}, Sietske and Tabeau, Andrzej},
  year = {2017},
  month = jan,
  journal = {Global Environmental Change},
  volume = {42},
  pages = {237--250},
  issn = {09593780},
  doi = {10.1016/j.gloenvcha.2016.05.008},
  language = {en},
  file = {/Users/simon/Zotero/storage/LK5NW64X/van Vuuren et al. - 2017 - Energy, land-use and greenhouse gas emissions traj.pdf}
}

@article{van_vuuren_new_2014,
  title = {A New Scenario Framework for {{Climate Change Research}}: {{Scenario}} Matrix Architecture},
  author = {{van Vuuren}, Detlef P. and Kriegler, Elmar and O'Neill, Brian C. and Ebi, Kristie L. and Riahi, Keywan and Carter, Timothy R. and Edmonds, Jae and Hallegatte, Stephane and Kram, Tom and Mathur, Ritu and Winkler, Harald},
  year = {2014},
  journal = {Climatic Change},
  volume = {122},
  number = {3},
  pages = {373--386},
  issn = {1058401309061},
  doi = {10.1007/s10584-013-0906-1},
  file = {/Users/simon/Zotero/storage/EXTVN2GI/van Vuuren et al_2014_A new scenario framework for Climate Change Research.pdf}
}

@article{van_vuuren_representative_2011,
  title = {The Representative Concentration Pathways: {{An}} Overview},
  author = {{van Vuuren}, Detlef P. and Edmonds, Jae and Kainuma, Mikiko and Riahi, Keywan and Thomson, Allison and Hibbard, Kathy and Hurtt, George C. and Kram, Tom and Krey, Volker and Lamarque, Jean Francois and Masui, Toshihiko and Meinshausen, Malte and Nakicenovic, Nebojsa and Smith, Steven J. and Rose, Steven K.},
  year = {2011},
  journal = {Climatic Change},
  volume = {109},
  number = {1},
  pages = {5--31},
  issn = {0165-0009},
  doi = {10.1007/s10584-011-0148-z},
  file = {/Users/simon/Zotero/storage/MBMREV2G/van Vuuren et al_2011_The representative concentration pathways.pdf}
}

@article{veerkamp_future_2020,
  title = {Future Projections of Biodiversity and Ecosystem Services in {{Europe}} with Two Integrated Assessment Models},
  author = {Veerkamp, Clara J. and Dunford, Robert W. and Harrison, Paula A. and Mandryk, Maryia and Priess, J{\"o}rg A. and Schipper, Aafke M. and Stehfest, Elke and Alkemade, Rob},
  year = {2020},
  month = sep,
  journal = {Regional Environmental Change},
  volume = {20},
  number = {3},
  pages = {103},
  issn = {1436-3798, 1436-378X},
  doi = {10.1007/s10113-020-01685-8},
  language = {en},
  file = {/Users/simon/Zotero/storage/RS9NYQIE/Veerkamp et al. - 2020 - Future projections of biodiversity and ecosystem s.pdf}
}

@article{veldkamp_clue_1996,
  title = {{{CLUE}}: A Conceptual Model to Study the {{Conversion}} of {{Land Use}} and Its {{Effects}}},
  shorttitle = {{{CLUE}}},
  author = {Veldkamp, A. and Fresco, L.O.},
  year = {1996},
  month = mar,
  journal = {Ecological Modelling},
  volume = {85},
  number = {2-3},
  pages = {253--270},
  issn = {03043800},
  doi = {10.1016/0304-3800(94)00151-0},
  language = {en},
  file = {/Users/simon/Zotero/storage/K68ASXM3/Veldkamp and Fresco - 1996 - CLUE a conceptual model to study the Conversion o.pdf}
}

@article{veldkamp_clue:_1996,
  title = {{{CLUE}}: A Conceptual Model to Study the {{Conversion}} of {{Land Use}} and Its {{Effects}}},
  author = {Veldkamp, A. and Fresco, L. O.},
  year = {1996},
  journal = {Ecological Modelling},
  volume = {85},
  number = {2-3},
  pages = {253--270},
  issn = {0304-3800},
  doi = {10.1016/0304-3800(94)00151-0},
  keywords = {land cover change,land use planning},
  file = {/Users/simon/OneDrive - The University of Melbourne/Zotero library/V/Veldkamp_Fresco_1996_CLUE.pdf}
}

@book{venables_modern_2002,
  title = {Modern {{Applied Statistics}} with {{S}}},
  author = {Venables, W. N. and Ripley, B. D.},
  year = {2002},
  edition = {Fourth},
  publisher = {{Springer}},
  address = {{New York}},
  isbn = {0-387-95457-0}
}

@article{venter_sixteen_2016,
  title = {Sixteen Years of Change in the Global Terrestrial Human Footprint and Implications for Biodiversity Conservation},
  author = {Venter, Oscar and Sanderson, Eric W. and Magrach, Ainhoa and Allan, James R. and Beher, Jutta and Jones, Kendall R. and Possingham, Hugh P. and Laurance, William F. and Wood, Peter and Fekete, Bal{\'a}zs M. and Levy, Marc A. and Watson, James E. M.},
  year = {2016},
  month = nov,
  journal = {Nature Communications},
  volume = {7},
  number = {1},
  pages = {12558},
  issn = {2041-1723},
  doi = {10.1038/ncomms12558},
  language = {en},
  file = {/Users/simon/Zotero/storage/C4A6ZQ22/Venter et al. - 2016 - Sixteen years of change in the global terrestrial .pdf}
}

@article{verburg_combining_2009,
  title = {Combining Top-down and Bottom-up Dynamics in Land Use Modeling: {{Exploring}} the Future of Abandoned Farmlands in {{Europe}} with the {{Dyna}}-{{CLUE}} Model},
  author = {Verburg, Peter H. and Overmars, Koen P.},
  year = {2009},
  journal = {Landscape Ecology},
  volume = {24},
  number = {9},
  pages = {1167--1181},
  issn = {0921-2973},
  doi = {10.1007/s10980-009-9355-7},
  keywords = {Europe,Land abandonment,Land cover,Land marginalization,Land use,Model,Succession},
  file = {/Users/simon/Zotero/storage/YVCCZSI4/Verburg_Overmars_2009_Combining top-down and bottom-up dynamics in land use modeling.pdf}
}

@article{verburg_downscaling_2006,
  title = {Downscaling of Land Use Change Scenarios to Assess the Dynamics of {{European}} Landscapes},
  author = {Verburg, Peter H. and Schulp, C. J E and Witte, N. and Veldkamp, A.},
  year = {2006},
  journal = {Agriculture, Ecosystems and Environment},
  volume = {114},
  number = {1},
  pages = {39--56},
  issn = {0167-8809},
  doi = {10.1016/j.agee.2005.11.024},
  keywords = {Downscaling,Europe,Land use change,Landscape,Scenarios},
  file = {/Users/simon/Zotero/storage/WYE2843P/Verburg et al_2006_Downscaling of land use change scenarios to assess the dynamics of European.pdf}
}

@article{verburg_global_2011,
  title = {A Global Assessment of Market Accessibility and Market Influence for Global Environmental Change Studies},
  author = {Verburg, Peter H and Ellis, Erle C and Letourneau, Aurelien},
  year = {2011},
  journal = {Environmental Research Letters},
  volume = {6},
  number = {3},
  pages = {034019 (12pp)},
  issn = {1748-9326},
  doi = {10.1088/1748-9326/6/3/034019},
  language = {en},
  file = {/Users/simon/Zotero/storage/54PQYT9Y/Verburg et al. - 2011 - A global assessment of market accessibility and ma.pdf}
}

@article{verburg_land_1999,
  title = {Land Use Change under Conditions of High Population Pressure: {{The}} Case of {{Java}}},
  author = {Verburg, Peter H. and A Veldkamp, Tom and Bouma, Johan},
  year = {1999},
  journal = {Global Environmental Change},
  volume = {9},
  number = {4},
  pages = {303--312},
  issn = {0959-3780},
  doi = {10.1016/S0959-3780(99)00175-2},
  keywords = {Agricultural development,Indonesia,Land use change,Model},
  file = {/Users/simon/OneDrive - The University of Melbourne/Zotero library/V/Verburg et al_1999_Land use change under conditions of high population pressure.pdf}
}

@article{verburg_land_2004,
  title = {Land Use Change Modelling: {{Current}} Practice and Research Priorities},
  author = {Verburg, Peter H. and Schot, Paul P. and Dijst, Martin J. and Veldkamp, A.},
  year = {2004},
  journal = {GeoJournal},
  volume = {61},
  number = {4},
  pages = {309--324},
  issn = {0343-2521},
  doi = {10.1007/s10708-004-4946-y},
  keywords = {Integrated assessment,Land use change,Modelling,Spatial dynamics},
  file = {/Users/simon/Zotero/storage/BM57L9FN/Verburg et al_2004_Land use change modelling.pdf}
}

@article{verburg_method_2004,
  title = {A Method to Analyse Neighbourhood Characteristics of Land Use Patterns},
  author = {Verburg, Peter H. and {de Nijs}, Ton C.M. and {Ritsema van Eck}, Jan and Visser, Hans and {de Jong}, Kor},
  year = {2004},
  month = nov,
  journal = {Computers, Environment and Urban Systems},
  volume = {28},
  number = {6},
  pages = {667--690},
  issn = {01989715},
  doi = {10.1016/j.compenvurbsys.2003.07.001},
  language = {en},
  file = {/Users/simon/Zotero/storage/KZLI38TA/Verburg et al. - 2004 - A method to analyse neighbourhood characteristics .pdf}
}

@article{verburg_modeling_2002,
  title = {Modeling the Spatial Dynamics of Regional Land Use: {{The CLUE}}-{{S}} Model},
  author = {Verburg, Peter H. and Soepboer, Welmoed and Veldkamp, A. and Limpiada, Ramil and Espaldon, Victoria and Mastura, Sharifah S A},
  year = {2002},
  journal = {Environmental Management},
  volume = {30},
  number = {3},
  pages = {391--405},
  issn = {0364-152X},
  doi = {10.1007/s00267-002-2630-x},
  keywords = {Land-use change,Modeling,Natural resources management,Scenario analysis,Systems approach},
  file = {/Users/simon/Zotero/storage/7N3HZGGS/Verburg et al_2002_Modeling the spatial dynamics of regional land use.pdf}
}

@article{verburg_spatial_1999,
  title = {A Spatial Explicit Allocation Procedure for Modelling the Pattern of Land Use Change Based upon Actual Land Use},
  author = {Verburg, P. H. and De Koning, G. H J and Kok, K. and Veldkamp, A. and Bouma, J.},
  year = {1999},
  journal = {Ecological Modelling},
  volume = {116},
  number = {1},
  pages = {45--61},
  issn = {0304-3800},
  doi = {10.1016/S0304-3800(98)00156-2},
  keywords = {Geographic information systems,Hierarchical scales,Land use change,Spatial modelling},
  file = {/Users/simon/OneDrive - The University of Melbourne/Zotero library/V/Verburg et al_1999_A spatial explicit allocation procedure for modelling the pattern of land use.pdf;/Users/simon/Zotero/storage/QHV83QPH/Verburg et al_1999_A spatial explicit allocation procedure for modelling the pattern of land use.pdf}
}

@book{voigt2019international,
  title = {International Judicial Practice on the Environment: {{Questions}} of Legitimacy},
  author = {Voigt, Christina},
  year = {2019},
  publisher = {{Cambridge University Press}}
}

@article{wessel_global_1996,
  title = {A Global, Self-Consistent, Hierarchical, High-Resolution Shoreline Database},
  author = {Wessel, P{\aa}l and Smith, Walter H. F.},
  year = {1996},
  journal = {Journal of Geophysical Research: Solid Earth},
  volume = {101},
  number = {B4},
  pages = {8741--8743},
  issn = {2156-2202},
  doi = {10.1029/96JB00104},
  file = {/Users/simon/Zotero/storage/QPP4SHM6/Wessel_Smith_1996_A global, self-consistent, hierarchical, high-resolution shoreline database.pdf}
}

@article{whittaker_geographical_2006,
  title = {Geographical Gradients of Species Richness: A Test of the Water-Energy Conjecture of {{Hawkins}} et al. (2003) Using {{European}} Data for Five Taxa},
  shorttitle = {Geographical Gradients of Species Richness},
  author = {Whittaker, Robert J. and {Nogu{\'e}s-Bravo}, David and Ara{\'u}jo, Miguel B.},
  year = {2006},
  journal = {Global Ecology and Biogeography},
  volume = {16},
  number = {0},
  pages = {76--89},
  issn = {1466-822X, 1466-8238},
  doi = {10.1111/j.1466-822X.2006.00268.x},
  language = {en},
  file = {/Users/simon/Zotero/storage/HUFQXEA9/Whittaker et al. - 2006 - Geographical gradients of species richness a test.pdf}
}

@article{wigley_paris_2018,
  title = {The {{Paris}} Warming Targets: Emissions Requirements and Sea Level Consequences},
  shorttitle = {The {{Paris}} Warming Targets},
  author = {Wigley, T.M.L.},
  year = {2018},
  month = mar,
  journal = {Climatic Change},
  volume = {147},
  number = {1-2},
  pages = {31--45},
  issn = {0165-0009, 1573-1480},
  doi = {10.1007/s10584-017-2119-5},
  language = {en},
  file = {/Users/simon/Zotero/storage/DGSJW2ZQ/Wigley - 2018 - The Paris warming targets emissions requirements .pdf}
}

@article{wilson_applying_2011,
  title = {Applying Species Distribution Modelling to Identify Areas of High Conservation Value for Endangered Species: {{A}} Case Study Using {{Margaritifera}} Margaritifera ({{L}}.)},
  shorttitle = {Applying Species Distribution Modelling to Identify Areas of High Conservation Value for Endangered Species},
  author = {Wilson, Conor D. and Roberts, Dai and Reid, Neil},
  year = {2011},
  month = feb,
  journal = {Biological Conservation},
  volume = {144},
  number = {2},
  pages = {821--829},
  issn = {00063207},
  doi = {10.1016/j.biocon.2010.11.014},
  language = {en},
  file = {/Users/simon/Zotero/storage/IBARV868/Wilson et al. - 2011 - Applying species distribution modelling to identif.pdf}
}

@misc{windecker_gdaltools_2021,
  title = {Gdaltools: {{Wrapper}} Functions for System Gdal Calls. {{https://github.com/smwindecker/gdaltools.}} {{DOI}}: 10.5281/Zenodo.5171569},
  author = {Windecker, Saras and Visintin, Casey},
  year = {2021}
}

@article{wintle_ecologicaleconomic_2011,
  title = {Ecological\textendash Economic Optimization of Biodiversity Conservation under Climate Change},
  author = {Wintle, B. A. and Bekessy, S. A. and a. Keith, David and {van Wilgen}, Brian W. and Cabeza, Mar and Schr{\"o}der, Boris and Carvalho, Silvia B. and Falcucci, Alessandra and Maiorano, Luigi and Regan, Tracey J. and Rondinini, Carlo and Boitani, Luigi and Possingham, Hugh P.},
  year = {2011},
  journal = {Nature Climate Change},
  volume = {1},
  number = {7},
  pages = {355--359},
  issn = {1758-678X},
  doi = {10.1038/nclimate1227},
  keywords = {africa,face,fire,forest,fynbos,management,models,risk,threat,uncertainty},
  file = {/Users/simon/OneDrive - The University of Melbourne/Zotero library/W/Wintle et al_2011_Ecological–economic optimization of biodiversity conservation under climate.pdf;/Users/simon/OneDrive - The University of Melbourne/Zotero library/W/Wintle et al_2011_Ecological–economic optimization of biodiversity conservation under climate.pdf;/Users/simon/Zotero/storage/XHKGM8ZM/Wintle et al_2011_Ecological–economic optimization of biodiversity conservation under climate.pdf}
}

@article{wintle_fauna_2005,
  title = {Fauna Habitat Modelling and Mapping: {{A}} Review and Case Study in the {{Lower Hunter Central Coast}} Region of {{NSW}}},
  author = {Wintle, Brendan A. and Elith, Jane and Potts, Joanne M.},
  year = {2005},
  journal = {Austral Ecology},
  volume = {30},
  number = {7},
  pages = {719--738},
  issn = {1442-9985},
  doi = {10.1111/j.1442-9993.2005.01514.x},
  keywords = {Bootstrapping,Conservation planning,Habitat modelling,Logistic regression,Model evaluation,ROC},
  file = {/Users/simon/Zotero/storage/49BCJVFQ/Wintle et al_2005_Fauna habitat modelling and mapping.pdf}
}

@article{wintle_global_2019,
  title = {Global Synthesis of Conservation Studies Reveals the Importance of Small Habitat Patches for Biodiversity},
  author = {Wintle, Brendan A. and Kujala, Heini and Whitehead, Amy and Cameron, Alison and Veloz, Sam and Kukkala, Aija and Moilanen, Atte and Gordon, Ascelin and Lentini, Pia E. and Cadenhead, Natasha C. R. and Bekessy, Sarah A.},
  year = {2019},
  month = jan,
  journal = {Proceedings of the National Academy of Sciences},
  volume = {116},
  number = {3},
  pages = {909--914},
  issn = {0027-8424, 1091-6490},
  doi = {10.1073/pnas.1813051115},
  language = {en},
  file = {/Users/simon/Zotero/storage/BGIFZQLX/Wintle et al. - 2019 - Global synthesis of conservation studies reveals t.pdf}
}

@article{wisz_effects_2008,
  title = {Effects of Sample Size on the Performance of Species Distribution Models},
  author = {Wisz, M. S. and Hijmans, R. J. and Li, J. and Peterson, A. T. and Graham, C. H. and Guisan, A. and Elith, J. and Dud{\'i}k, M. and Ferrier, S. and Huettmann, F. and Leathwick, J. R. and Lehmann, A. and Lohmann, L. and Loiselle, B. A. and Manion, G. and Moritz, C. and Nakamura, M. and Nakazawa, Y. and Overton, J. McC and Phillips, S. J. and Richardson, K. S. and {Scachetti-Pereira}, R. and Schapire, R. E. and Sober{\'o}n, J. and Williams, S. E. and Zimmermann, N. E.},
  year = {2008},
  journal = {Diversity and Distributions},
  volume = {14},
  number = {5},
  pages = {763--773},
  issn = {1472-4642},
  doi = {10.1111/j.1472-4642.2008.00482.x},
  keywords = {Ecological niche model,MAXENT,Model comparison,OM-GARP,Sample size,Species distribution model},
  file = {/Users/simon/Zotero/storage/W4S5SNVT/Wisz et al_2008_Effects of sample size on the performance of species distribution models.pdf}
}

@article{wood_fast_2011,
  title = {Fast Stable Restricted Maximum Likelihood and Marginal Likelihood Estimation of Semiparametric Generalized Linear Models: {{Estimation}} of {{Semiparametric Generalized Linear Models}}},
  shorttitle = {Fast Stable Restricted Maximum Likelihood and Marginal Likelihood Estimation of Semiparametric Generalized Linear Models},
  author = {Wood, Simon N.},
  year = {2011},
  month = jan,
  journal = {Journal of the Royal Statistical Society: Series B (Statistical Methodology)},
  volume = {73},
  number = {1},
  pages = {3--36},
  issn = {13697412},
  doi = {10.1111/j.1467-9868.2010.00749.x},
  language = {en},
  file = {/Users/simon/Zotero/storage/GM5QXWFT/Wood - 2011 - Fast stable restricted maximum likelihood and marg.pdf}
}

@article{world_bank_group_population_2016,
  title = {Population {{Estimates}} and {{Projections}}. {{https://datatopics.worldbank.org/health}}},
  author = {{World Bank Group}},
  year = {2016},
  keywords = {\#nosource}
}

@article{xian_characterization_2015,
  title = {Characterization of Shrubland Ecosystem Components as Continuous Fields in the Northwest {{United States}}},
  author = {Xian, George and Homer, Collin and Rigge, Matthew and Shi, Hua and Meyer, Debbie},
  year = {2015},
  month = oct,
  journal = {Remote Sensing of Environment},
  volume = {168},
  pages = {286--300},
  issn = {00344257},
  doi = {10.1016/j.rse.2015.07.014},
  language = {en},
  file = {/Users/simon/Zotero/storage/UREE83PN/Xian et al. - 2015 - Characterization of shrubland ecosystem components.pdf}
}

@article{zittis_business-as-usual_2021,
  title = {Business-as-Usual Will Lead to Super and Ultra-Extreme Heatwaves in the {{Middle East}} and {{North Africa}}},
  author = {Zittis, George and Hadjinicolaou, Panos and Almazroui, Mansour and Bucchignani, Edoardo and Driouech, Fatima and El Rhaz, Khalid and Kurnaz, Levent and Nikulin, Grigory and Ntoumos, Athanasios and Ozturk, Tugba and Proestos, Yiannis and Stenchikov, Georgiy and Zaaboul, Rashyd and Lelieveld, Jos},
  year = {2021},
  month = dec,
  journal = {npj Climate and Atmospheric Science},
  volume = {4},
  number = {1},
  pages = {20},
  issn = {2397-3722},
  doi = {10.1038/s41612-021-00178-7},
  language = {en},
  file = {/Users/simon/Zotero/storage/4TRB3D9Y/Zittis et al. - 2021 - Business-as-usual will lead to super and ultra-ext.pdf}
}

@article{zurell_spatially-explicit_2021,
  title = {Spatially-Explicit Models in Animal Conservation and Restoration: Advances, Opportunities and Challenges},
  author = {Zurell, Damaris and K{\"o}nig, Christian and Malchow, Anne-Kathleen and Kapitza, Simon and Bocedi, Greta and Travis, Justin and Fandos, Guillermo},
  year = {under review}
}


